3092 5217
557 496 823 566 epistularum
853 496 906 553 CV.
1240 500 1304 565 603

156 709 252 773 qnam
276 689 378 755 omnis
407 690 522 756 doctus
552 694 584 754 et
605 690 754 756 indoctus
777 690 936 775 intellegit
959 692 1208 776 praeponendam
1234 711 1304 759 esse

154 796 344 875 discordiae,
359 796 530 881 diligamus
545 800 579 861 et
595 802 760 863 teneamus
779 798 945 863 unitatem.
965 799 1026 863 hoc
1044 799 1155 865 iubent
1172 799 1304 883 impera-

153 910 252 983 tores,
280 904 366 987 quod
391 904 482 969 iubet
504 908 536 969 et
559 903 716 983 Christus,
746 904 829 987 quia,
859 924 931 970 cum
959 904 1079 970 bonum
1101 906 1222 982 iubent,
1249 924 1305 988 per·

151 1012 228 1077 illos
262 1031 324 1077 non
355 1011 447 1076 iubet
477 1011 539 1076 nisi
569 1010 727 1079 Christus.
760 1015 794 1077 et
825 1030 882 1078 nos
911 1012 1006 1077 etiam
1039 1031 1096 1094 per
1123 1012 1303 1095 apostolum

127 1119 312 1195 sohsecrat,
343 1121 381 1182 ut
406 1117 441 1183 id
467 1117 573 1199 ipsum
603 1117 747 1183 dicemus
777 1138 885 1185 omnes
914 1122 946 1183 et
973 1137 1034 1184 non
1062 1119 1185 1185 sintin
1212 1118 1303 1183 nobis

153 1225 328 1291 schismata
354 1242 457 1307 neque
480 1224 640 1290 dicemus:
668 1224 749 1309 Ego
773 1226 936 1308 quidem
966 1244 1050 1291 sum
1072 1225 1202 1300 Pauli,
1232 1243 1302 1309 ego

152 1334 290 1396 autem
309 1331 467 1413 Apollo,
491 1350 563 1415 ego
587 1350 683 1396 uero
704 1331 873 1414 Cephea,
893 1351 964 1415 ego
986 1336 1117 1397 entem
1139 1331 1301 1409 Christi,

152 1438 209 1503 sed
243 1438 342 1503 simul
369 1457 480 1503 omnes
512 1457 574 1503 non
606 1438 709 1503 simus
737 1439 799 1504 nisi
829 1439 958 1515 Christi,
992 1440 1067 1522 quia
1093 1458 1150 1504 nec
1179 1438 1302 1505 diuisus

152 1549 203 1608 sat
236 1543 383 1609 Christus
420 1562 477 1609 nec
508 1545 629 1610 Paulus
662 1544 831 1611 crucifixus
864 1548 914 1611 est
949 1564 1006 1629 pro
1043 1546 1147 1624 nobis,
1185 1548 1302 1627 quanto

111 1680 135 1721 n
151 1650 259 1715 minus
277 1650 438 1716 Donatus!
462 1670 520 1716 nec
544 1651 576 1715 in
600 1651 727 1715 nomine
747 1651 837 1717 Pauli
860 1651 1014 1735 baptisati
1036 1670 1159 1730 snmus,
1184 1653 1301 1733 quanto

150 1757 260 1823 minus
286 1759 319 1822 in
342 1758 474 1823 Donati!
503 1758 563 1823 hoc
587 1758 700 1823 dicunt
727 1761 759 1824 et
786 1759 1004 1841 imperatores,
1033 1759 1108 1840 quia
1131 1754 1301 1823 Christiani

152 1864 304 1930 catholici
327 1868 412 1942 sunt,
441 1884 502 1930 non
526 1864 684 1931 idolorum
708 1865 793 1930 serui
821 1865 907 1931 sicut
928 1868 1036 1931 nester
1058 1864 1213 1943 Iulianus,
1241 1884 1301 1930 non

151 1972 314 2049 haeretici,
342 1972 426 2037 sicut
449 1971 578 2054 quidam
606 1971 736 2037 inerunt
757 1975 791 2036 et
818 1972 1006 2037 catholicam
1033 1972 1193 2054 persecuti
1216 1976 1301 2048 sunt,

151 2078 277 2161 quando
299 2079 368 2143 ueri
386 2077 558 2143 Christiani
581 2096 642 2143 non
664 2096 722 2161 pro
745 2077 902 2143 haeretico
927 2096 1029 2143 errore
1052 2095 1170 2160 poenas
1193 2076 1301 2142 iustis-

109 2213 134 2252 n
151 2185 250 2249 simas
278 2184 364 2250 sicut
390 2203 450 2250 uos
478 2184 535 2249 sed
560 2202 617 2268 pro
646 2184 805 2249 catholica
831 2185 965 2249 ueritate
992 2184 1158 2265 passiones
1186 2183 1300 2268 glorio-

150 2293 297 2359 sissimas
320 2295 529 2377 pertulerunt.

73 2393 107 2454 12
193 2398 378 2477 Attendite,
401 2419 497 2482 quam
529 2399 792 2465 manifestissima
824 2399 960 2464 ueritate
991 2418 1048 2483 per
1079 2418 1146 2465 cor
1179 2397 1299 2483 regis,

151 2505 237 2589 quod
266 2504 304 2570 in
326 2525 442 2570 mann
466 2504 530 2570 dei
554 2508 626 2583 est,
654 2505 724 2589 ipse
748 2505 826 2571 deus
851 2506 963 2571 dixerit
984 2506 1017 2569 in
1039 2505 1104 2571 ista
1125 2504 1195 2587 ipsa
1217 2506 1299 2589 lege,

151 2633 246 2696 qnam
272 2616 379 2677 contra
407 2632 467 2679 nos
493 2612 649 2696 prolatam
673 2612 790 2689 dicitis,
820 2616 870 2677 est
893 2615 1010 2689 autem,
1039 2611 1067 2677 si
1094 2610 1298 2696 intellegatis,

107 2750 133 2789 ro
150 2720 274 2803 prolata
299 2738 356 2802 pro
383 2720 492 2795 uchis3
526 2718 697 2795 adtendite,
730 2718 807 2801 qnid
839 2718 977 2783 habeant
1003 2718 1101 2783 uerba
1132 2716 1298 2801 principis:

149 2827 242 2892 ‘Nem
265 2828 349 2893 siin
378 2827 435 2906 eis,
459 2827 516 2909 qni
537 2826 639 2909 primo
661 2825 780 2890 initiati
804 2829 888 2903 sunt,
912 2825 1030 2890 idcirco
1049 2824 1161 2909 religio
1181 2822 1298 2905 baptis·

149 2935 246 3000 matis
272 2934 432 2999 indicatur
462 2933 596 3009 infirma,
624 2932 709 3015 qnod
736 2932 781 3010 hi,
811 2952 829 2997 a
857 2932 973 3015 quibua
1002 2931 1166 3014 accipitur,
1189 2946 1297 3012 pecca·

148 3045 235 3107 tores
264 3044 425 3124 putentur,
453 3040 572 3105 totiens
599 3038 745 3105 renouari
771 3057 901 3105 necesse
930 3036 989 3103 erit
1015 3036 1167 3102 traditum
1195 3054 1297 3101 secra·

147 3150 304 3225 mentum,
328 3148 474 3230 quotiens
497 3146 648 3229 indignus
666 3144 764 3210 inerit
786 3145 935 3209 inuentus
955 3144 1072 3210 conlati
1094 3140 1296 3226 baptismatis

106 3282 131 3322 a
147 3255 344 3333 administer,
372 3259 405 3319 et
430 3254 510 3319 fides
538 3256 646 3318 noshu
668 3272 729 3318 non
753 3272 788 3317 er
817 3255 942 3318 nostrae
965 3250 1142 3317 uoluntatis
1166 3248 1294 3315 arbitrio

145 3380 248 3445 neque
272 3380 309 3426 ex
332 3360 432 3426 diuim
452 3359 594 3425 muneris
622 3359 724 3443 gretia
750 3358 807 3424 sed
831 3378 867 3424 ex
894 3359 1016 3425 meritis
1040 3356 1239 3423 sacerdotum
1263 3359 1296 3419 et

145 3468 335 3533 clericorum
358 3467 513 3551 qualitate
540 3466 710 3549 pendebit’.
738 3466 858 3531 faciant
885 3466 971 3531 mille
996 3465 1131 3532 concilia
1153 3464 1292 3549 episcopi

233 3712 284 3767 41
304 3712 364 3768 Cor.
385 3715 408 3781 1,
429 3715 473 3776 10;
496 3714 600 3768 12-13
657 3713 689 3767 17
708 3712 788 3767 Prou.
808 3714 851 3775 21,
874 3715 886 3767 1

178 3873 191 3926 1
212 3869 413 3941 praeponenda,
431 3875 498 3925 m.2
516 3890 553 3910 w
571 3886 655 3939 super
672 3886 689 3924 a
707 3870 735 3925 R
823 3871 841 3923 4
861 3870 977 3925 christus
995 3869 1049 3923 nisi
1070 3870 1157 3939 eoois
1175 3886 1244 3924 corr.
1262 3871 1290 3923 P

176 3962 270 4031 aplonr
289 3964 316 4026 (o
335 3976 395 4029 αφ.
413 3978 449 4013 m.
460 3965 487 4025 1)
508 3960 543 4013 M
595 3957 1035 4027 domnas(einrae.m.11F
1109 3960 1138 4011 in
1157 3957 1235 4012 uobis
1253 3959 1290 4013 M

142 4048 307 4119 iaephedl
352 4037 510 4104 doninsF
558 4050 781 4119 llimperatores
796 4047 1041 4117 (posteeacorr.
1055 4048 1207 4102 mutuid.
1220 4047 1290 4113 111Ἴ

143 4139 176 4191 12
193 4142 259 4193 sunt
276 4152 328 4193 om.
347 4140 374 4191 A
418 4139 452 4192 13
471 4137 578 4209 quidem
598 4137 625 4191 A
680 4140 709 4191 et
726 4136 870 4191 eeclesiam
890 4136 1049 4191 catholicam
1068 4136 1129 4190 edd.
1174 4137 1206 4191 15
1225 4137 1285 4206 glo·

141 4227 296 4289 riosissinra,
313 4230 380 4281 Μ
401 4227 611 4296 gloriosissimas
630 4227 656 4282 P
744 4226 780 4279 20
805 4224 906 4279 habeat
928 4224 1012 4279 uerba
1029 4225 1159 4297 principis
1176 4242 1239 4282 nam
1258 4227 1285 4279 Α

141 4313 239 4369 haheat
256 4332 319 4369 nam
337 4315 421 4369 uerba
432 4314 604 4385 principiali
648 4315 826 4383 22iiflrm
871 4316 907 4369 24
919 4314 1033 4371 conlatis
1048 4319 1072 4381 (s
1087 4330 1146 4383 emp.
1160 4332 1194 4371 m.
1207 4316 1285 4381 2)Μ

142 4403 175 4457 25
193 4402 396 4459 administrator
413 4404 442 4459 P
458 4404 518 4459 edd.
573 4405 607 4459 27
628 4404 735 4459 concilii
753 4404 784 4458 F
