3092 5217
499 516 766 584 epistularum
789 516 886 572 XCIII.
1198 522 1264 588 469

119 706 250 772 callidae
262 706 415 772 falsitatis
425 704 578 783 offundat,
593 705 679 771 sicut
693 707 861 771 anathema
875 708 944 786 erit,
960 710 1015 792 qui
1029 712 1266 778 adnuntiauerit

119 815 281 880 Christum
312 833 413 897 neque
445 831 578 895 passum
606 830 676 878 esse
703 832 806 897 neque
838 816 933 882 tertio
962 817 1013 883 die
1044 820 1263 899 resurrexisse,

118 921 268 1003 qnoniam
313 922 346 985 in
392 920 529 985 ueritate
571 919 755 1005 euangelica
796 921 992 1005 accepimns:
1039 924 1265 1009 Oportebat

119 1028 329 1094 Christum
355 1027 443 1109 pati
471 1029 512 1091 et
538 1045 756 1110 resurgere
786 1047 803 1092 a
830 1030 1005 1095 mortuis
1034 1031 1162 1097 tertia
1189 1031 1263 1109 die,

93 1136 162 1200 asic
194 1135 257 1200 erit
287 1134 465 1207 anathema,
498 1133 644 1216 quisquis
678 1133 914 1199 adnuntiarent
946 1138 1113 1202 ecclesiam
1141 1141 1265 1222 praeter

119 1241 369 1307 communionem
399 1240 540 1303 omnium
568 1240 723 1323 gentium,
753 1241 829 1323 quia
856 1242 966 1307 eadem
993 1244 1128 1309 ueritate
1156 1262 1264 1309 eonse-

118 1347 457 1432 qnenteraccepimus:
476 1346 526 1410 Et
543 1346 769 1429 praedicari
789 1346 830 1411 in
847 1348 1005 1413 nomine
1025 1350 1112 1415 eins
1132 1350 1263 1433 paeni-

123 1455 294 1520 tentiam
332 1457 370 1518 et
405 1452 688 1518 remissionem
725 1456 987 1535 peccatorum
1023 1474 1092 1538 per
1124 1474 1261 1521 omnes

119 1566 260 1647 gentes
299 1558 602 1642 incipientibus
639 1559 683 1623 ab
716 1559 978 1627 Hierusalem
1011 1566 1044 1626 et
1075 1560 1263 1628 inconcusse

84 1666 1263 1751 nnteneredebemuszQuisqnisnobisadnuntianeritpraater-

121 1794 232 1857 quam
257 1774 362 1856 quod
387 1772 626 1855 accepistis,
651 1772 865 1837 anathema
889 1774 954 1841 sit.

25 1876 84 1939 [124
162 1881 196 1948 Si
216 1884 324 1947 antem
342 1879 510 1945 uniuersos
529 1879 716 1944 Donatistae
733 1898 795 1944 non
821 1880 968 1945 andimus
992 1900 1026 1946 se
1049 1900 1105 1965 pro
1130 1882 1266 1947 ecclesia

122 1987 236 2053 Christi
256 1988 460 2071 opponentes,
484 1985 701 2067 quianullum
720 2004 777 2069 pro
797 2005 831 2051 se
850 1986 1068 2053 testimonium
1089 1987 1127 2053 de
1147 1988 1264 2055 diuinis

119 2094 207 2159 libris
243 2094 417 2176 proferunt,
457 2111 519 2174 quo
555 2091 589 2157 id
627 2091 768 2170 doceant,
808 2096 923 2175 quanto
957 2094 1073 2173 minus,
1111 2114 1187 2180 rogo
1220 2099 1263 2173 te,

86 2229 106 2268 n
122 2201 301 2285 Rogatistas
330 2200 437 2265 andus
460 2199 623 2277 debemus,
652 2200 707 2283 qni
729 2218 787 2264 neo
810 2200 891 2264 illud
918 2220 974 2285 pro
1004 2220 1038 2267 se
1065 2201 1263 2285 interpretari

121 2308 325 2376 conabuntur.
354 2305 440 2390 quod
468 2306 624 2389 seriptum
652 2310 716 2371 est:
749 2306 825 2373 Ubi
858 2308 1007 2391 pascis,
1040 2306 1110 2373 ubi
1138 2308 1263 2374 cubas

122 2415 156 2478 in
178 2414 371 2479 meridie?
394 2414 422 2479 si
447 2415 531 2479 enim
555 2414 708 2479 hocloco
733 2414 962 2497 scripturarum
985 2414 1133 2481 meridies
1157 2415 1265 2480 Africa

121 2521 329 2606 intellegenda
357 2525 407 2585 est
434 2521 467 2585 iu
494 2525 584 2603 parte
606 2520 736 2598 Donati,
764 2520 850 2603 quod
878 2520 937 2586 sub
966 2520 1046 2586 caeli
1072 2520 1263 2587 feruentiore

121 2629 211 2712 plaga
246 2631 306 2705 est,
348 2646 459 2693 omnes
495 2646 555 2692 uos
592 2627 846 2692 Maximianistae
883 2627 1088 2710 superabunt,
1130 2647 1263 2712 quorum

86 2762 107 2799 a·
123 2735 257 2800 schisma
278 2734 310 2799 in
334 2732 488 2818 Byzantio
511 2737 544 2798 et
566 2734 598 2798 in
623 2734 744 2817 Tripoli
766 2732 892 2799 exarsit.
917 2734 974 2799 sed
996 2734 1168 2819 confligant
1191 2754 1263 2799 cum

124 2840 166 2905 eis
187 2842 330 2926 Arzuges
354 2844 386 2905 et
408 2841 469 2906 hoe
491 2840 596 2925 magis
620 2841 660 2906 ad
684 2860 718 2905 se
740 2840 897 2923 pertinere
922 2841 1121 2907 contendant.
1140 2841 1264 2907 Maure-

123 2949 202 3012 tania
232 2952 339 3013 tamen
369 2947 581 3013 Caesariensis
615 2947 803 3014 occidentali
832 2966 928 3031 quam
961 2947 1149 3012 meridianae
1180 2946 1264 3030 parti

124 3053 261 3133 uiridior,
300 3053 424 3138 quando
456 3073 515 3119 nec
546 3054 686 3119 Africam
719 3072 754 3118 se
787 3054 859 3118 uult
890 3053 964 3132 diei,
1002 3074 1064 3137 quo
1096 3052 1191 3119 modo
1224 3054 1263 3118 de

124 3159 248 3225 meridie
280 3160 477 3245 gloriabitur,
511 3180 572 3225 non
600 3158 671 3225 dico
700 3159 854 3225 aduersus
884 3160 990 3224 orbem
1021 3164 1175 3226 terrarum
1208 3160 1263 3225 sed

207 3438 424 3504 3an.24,46
496 3438 711 3506 rhoeam?
785 3438 819 3494 10
838 3438 898 3494 Gal.
919 3440 980 3507 1,9
1049 3437 1181 3494 locant.
1202 3438 1263 3501 1‚6

161 3617 173 3669 l
191 3616 341 3676 offundunt,
361 3632 430 3671 corr.
448 3620 510 3671 roal
528 3614 651 3669 offundat
663 3614 701 3668 Μ
717 3612 847 3679 effundat,
866 3618 930 3669 m.2
946 3615 961 3667 l
979 3613 1102 3668 offundat
1115 3615 1143 3669 P
1178 3614 1262 3667 tter·

127 3704 229 3760 tiaPB
246 3705 307 3759 cdd.
405 3704 588 3773 3accipi1nns
606 3705 635 3757 A
729 3703 823 3772 tpati
843 3702 974 3757 christum
992 3702 1034 3769 R,·
1052 3703 1087 3771 cs.
1101 3719 1133 3772 p.
1155 3704 1264 3766 466,5

128 3792 217 3861 tonia
235 3808 266 3847 ex
285 3791 381 3847 eadem
398 3791 426 3845 L
478 3792 687 3862 spectatorum
705 3807 756 3847 om.
775 3790 804 3845 R
858 3791 998 3846 9incnsse
1015 3792 1044 3845 A
1104 3792 1138 3845 10
1155 3792 1264 3860 praeter

129 3879 293 3949 qnodA‚·cf.
303 3897 336 3950 p.
353 3884 421 3945 468,
436 3883 471 3934 21
508 3880 542 3935 12
557 3879 659 3950 autern]
676 3880 747 3933 enim
761 3879 799 3932 M
851 3878 1004 3933 audiuimus
1013 3878 1067 3934 PL
1104 3880 1137 3933 13
1153 3877 1262 3943 christo,

129 3984 192 4025 corr.
206 3974 265 4023 nal
283 3970 380 4025 christi
397 3969 435 4022 M
486 3971 671 4038 supponentes
689 3968 750 4022 edd.
765 3973 908 4036 praetera
968 3968 1014 4037 qni
1033 3968 1069 4020 M
1121 3966 1155 4021 de
1168 3983 1220 4023 om.
1234 3966 1263 4021 R

131 4058 161 4110 14
176 4057 243 4126 qnod
260 4058 289 4112 id
308 4058 370 4113 MA
388 4056 455 4127 qnid
474 4058 501 4111 P
591 4058 623 4110 17
642 4056 836 4127 scripturarum
858 4056 909 4110 hoc
928 4056 987 4111 loco
1005 4056 1034 4113 R
1126 4056 1159 4110 18
1178 4054 1261 4125 qnod]

130 4160 192 4213 quae
206 4147 258 4201 PL
275 4147 337 4201 edd.
352 4151 501 4215 practerea
519 4145 616 4215 qneO
682 4144 860 4199 ·fernentinri
877 4144 931 4200 PR
950 4144 1011 4199 cdd.
1089 4145 1122 4200 19
1140 4144 1262 4199 maximi·

131 4235 211 4291 auitae
228 4239 254 4291 A
344 4236 379 4290 20
398 4241 427 4288 et
444 4236 484 4304 ln]
507 4239 537 4289 et
553 4234 587 4289 N
673 4235 706 4288 21
727 4235 826 4305 magis]
851 4234 965 4289 maxime
983 4232 1012 4290 R
1100 4234 1264 4289 rnaurItania

132 4322 201 4377 codd
217 4325 276 4379 edd.
362 4324 397 4379 23
416 4322 570 4393 quodmodo
589 4322 699 4391 ΜΨ.
718 4322 735 4377 d
755 4322 807 4377 dcl.
827 4324 942 4391 m.1)A
1015 4323 1050 4377 24
1069 4324 1150 4389 orbis,
1168 4322 1264 4379 ΜΗ

133 4410 212 4466 enham
230 4414 257 4467 P
