3092 5217
291 489 355 552 638
653 486 680 539 S.
708 486 845 540 Aureli
872 484 1090 554 Augustini

290 700 342 745 me
361 699 487 745 aoursu
507 698 577 744 meo
596 698 742 755 rauooes;
761 678 818 743 illa
837 678 920 743 enim
939 679 1008 743 sola
1027 678 1097 743 uisa
1117 681 1175 757 est,
1197 699 1292 763 quam
1311 698 1430 761 praepo·
1523 736 1524 741 ,

290 806 395 851 nerem
414 787 503 851 mihi.
527 786 639 850 fratres
659 804 778 863 omnen,
803 785 857 867 qui
876 785 968 849 nobis
987 785 1019 849 iu
1039 785 1166 850 domiuo
1186 785 1333 851 conserui
1355 789 1430 859 sunt,
1523 772 1524 839 r

292 896 324 957 st
347 892 492 957 desidero
515 892 655 955 multum
678 894 711 955 et
734 892 850 955 saluto.

834 1084 898 1151 CX.

290 1225 437 1280 DOMINO
461 1223 681 1280 BEATISSIMO
705 1224 825 1290 ATQUE
853 1222 1073 1280 DULCISSIMO
1098 1222 1321 1277 VENERABILI
1344 1222 1433 1276 Nltss-
1458 1236 1468 1273 a
1523 1282 1524 1285 Ἴ

291 1313 420 1379 UMQUE
439 1312 701 1368 DESIDERABILI
719 1313 853 1367 FRATRI
870 1312 915 1367 ΕΤ
936 1310 1216 1367 CONSACERDOTI
1235 1312 1376 1366 SEVERO
1394 1312 1434 1365 ET

292 1403 354 1469 QUI
383 1402 506 1458 TECUM
535 1403 629 1457 SUNT
657 1401 858 1457 FRATRIBUS
887 1401 1118 1456 AUGUSTINUS
1145 1401 1192 1454 ET
1220 1400 1285 1466 QUI
1312 1399 1435 1455 unctu
1523 1422 1524 1437 1

520 1491 614 1546 SUNT
633 1490 796 1545 FRATRES
815 1491 855 1544 IN
874 1489 1019 1545 DOMINO
1040 1490 1218 1545 SALUTEM.
1523 1496 1524 1563 1

249 1622 264 1682 1
334 1618 482 1700 Epistula
513 1637 594 1696 mea,
628 1636 722 1700 quam
754 1617 897 1701 paruerit
924 1617 1109 1682 carissimus
1142 1618 1228 1683 filius
1258 1620 1292 1683 et
1319 1615 1435 1681 condia·

293 1744 391 1789 conus
419 1726 528 1789 noster
550 1724 748 1802 Timotheus,
777 1724 839 1789 iam
868 1726 977 1806 parata
1004 1726 1071 1789 erat
1096 1724 1289 1805 profecturo,
1319 1722 1434 1805 quando
1451 1752 1470 1790 m

291 1831 348 1894 tilii
371 1830 472 1895 nostri
496 1828 742 1909 Quoduultdeus
767 1833 799 1893 et
824 1829 1023 1896 Gaudentius
1047 1830 1086 1894 ad
1110 1849 1167 1896 nos
1190 1834 1347 1895 uenerunt
1369 1848 1435 1893 oum
1523 1814 1524 1887 1

290 1938 406 2002 litteris
434 1936 511 2001 tuis.
543 1937 617 2000 inde
648 1937 770 2001 factum
804 1941 863 2015 est,
897 1939 934 2001 ut
962 1936 1111 2002 continuo
1145 1936 1349 2020 proficiscens
1381 1928 1463 2000 non'

291 2044 426 2109 adferret
447 2043 684 2125 responsionem
707 2063 822 2123 meam,
851 2044 999 2126 quoniam
1021 2044 1244 2126 postillarum
1268 2044 1433 2109 aduentum
1523 2074 1524 2129 r

292 2151 619 2234 quantulumcumque
647 2150 731 2232 apud
754 2170 811 2215 nos
834 2151 1010 2215 inmoratus
1035 2155 1086 2216 est
1109 2154 1141 2216 et
1163 2153 1363 2235 profecturus
1386 2173 1435 2234 por
1523 2164 1524 2245 1

291 2258 384 2322 horas
416 2256 559 2341 singulas
591 2255 770 2322 uidebatur.
810 2255 866 2321 sed
900 2256 962 2321 etsi
998 2277 1054 2340 per
1086 2277 1157 2321 eum
1194 2259 1432 2339 respondissem,
1450 2284 1470 2323 n

294 2364 395 2428 adhuc
420 2363 544 2428 debitor
570 2363 680 2429 sorem.
709 2382 781 2426 nam
807 2366 838 2427 et
865 2381 959 2440 nune,
988 2363 1072 2445 quod
1095 2364 1207 2428 uideor·
1228 2364 1433 2447 respondisse,

294 2470 416 2535 debitor
443 2489 514 2535 sum
543 2489 605 2533 nou
633 2470 703 2533 dico
728 2470 881 2546 caritatis,
909 2488 1002 2551 quam
1031 2472 1119 2535 tanto
1147 2471 1251 2554 magis
1280 2471 1433 2545 debemus,
1523 2462 1524 2515 Ῐ

294 2580 410 2659 quanto
439 2576 577 2658 amplius
604 2576 850 2659 impenderimus,
880 2576 972 2641 ouius
1001 2596 1058 2641 nos
1086 2583 1256 2659 perpetuos
1284 2576 1433 2641 debitores
1523 2572 1524 2641 ἶ

292 2683 431 2748 ostendit
463 2683 626 2766 apostolus
656 2682 780 2747 dicens:
808 2682 968 2747 Nemini
997 2684 1212 2766 quiequam
1241 2683 1432 2755 debeatis,

291 2790 372 2854 nisi
404 2794 448 2853 ut
479 2789 657 2853 inuicem
690 2789 895 2873 diligatis,
934 2789 989 2853 sed
1026 2789 1127 2872 ipsius
1161 2790 1317 2872 epistulae
1350 2794 1469 2864 tuamen

292 2896 417 2979 quando
437 2896 519 2960 enim
544 2896 701 2961 sufficiam
719 2899 794 2960 tuae
813 2896 967 2960 suauitati
986 2900 1155 2977 tantaeque
1175 2896 1322 2960 auiditati
1345 2894 1432 2960 animi
1523 2938 1524 2941 ,

293 3002 352 3081 tui,
376 3022 471 3086 quam
494 3003 572 3067 mihi
594 3004 678 3068 lecta
695 3003 877 3067 nuntiauit?
901 3022 967 3067 rem
987 3002 1115 3085 quidem
1138 3002 1169 3065 in
1187 3006 1220 3067 te
1244 3002 1322 3066 mihi
1344 3002 1434 3067 notis·
1523 2982 1524 3047 3

384 3172 417 3225 19
436 3170 511 3223 Rom.
534 3170 575 3234 13,
594 3169 611 3223 8

331 3297 425 3349 lmeo
445 3312 505 3357 om..
524 3297 589 3347 m.2
609 3293 673 3347 add.
692 3292 730 3347 M
834 3308 945 3346 renones
964 3308 1024 3346 meo
1043 3290 1103 3346 edd.
1214 3291 1433 3355 uisi,corr.m.1
1523 3350 1524 3377 3

294 3385 353 3438 uisa
370 3384 403 3437 K

450 3482 478 3535 P
508 3506 541 3527 =
560 3481 618 3535 cod.
637 3480 790 3534 Parisinus
807 3496 872 3533 mou.
893 3496 950 3548 aeq.
970 3481 1048 3531 1443
1065 3494 1086 3533 e.
1105 3477 1229 3531 IX-X.

453 3570 490 3624 Μ
509 3596 542 3617 =
562 3570 621 3624 cod.
640 3568 822 3623 Monacensis
842 3572 923 3623 6266
940 3584 961 3623 a.
981 3569 1018 3623 X.

455 3658 485 3713 F
506 3684 540 3705 =
560 3658 617 3715 cod.
637 3658 857 3725 Saliebwryeneis
875 3658 906 3711 X
923 3659 964 3711 29
981 3672 1002 3709 a.
1023 3655 1144 3709 X—XI.

454 3748 481 3799 A
510 3771 544 3792 =
563 3748 620 3800 cod.
640 3746 948 3815 Audomaropolitarrus
969 3747 1014 3809 76,
1035 3748 1061 3809 8,
1083 3748 1101 3797 9
1118 3760 1139 3797 e.
1159 3744 1291 3827 LXI?

455 3836 491 3888 Ρ1
508 3861 542 3881 =
562 3836 619 3889 cod.
639 3835 790 3888 Parisinus
808 3851 872 3888 nors
894 3851 951 3903 aeq.
970 3838 1047 3887 1444
1066 3850 1086 3888 s.
1108 3833 1163 3886 XI.

454 3926 482 3980 R
510 3949 543 3969 =
563 3925 621 3979 cod.
639 3925 715 3979 Mus.
735 3926 809 3979 Brit.
827 3924 893 3994 Περ.
917 3922 982 3977 61)
1006 3923 1049 3977 VI
1064 3940 1085 3977 a.
1105 3923 1267 3977 XI—XII.

331 4049 347 4101 6
367 4055 463 4118 coreno
483 4065 516 4102 ex
535 4064 603 4101 corr.
623 4065 657 4101 m.
669 4051 695 4112 2,
713 4050 801 4115 fuisse
818 4046 876 4101 uid.
898 4053 993 4100 conseo
1012 4047 1039 4100 P
1131 4044 1324 4099 et-t‘ratribus
1341 4060 1391 4097 om.
1409 4042 1432 4093 P

295 4138 311 4190 8
331 4136 440 4205 fratres]
461 4142 505 4205 sps
524 4136 588 4205 (ded.
607 4154 642 4189 m.
653 4140 682 4198 2)
702 4136 744 4190 ns
766 4136 798 4189 P¹
904 4136 937 4189 10
956 4136 1009 4188 iam
1029 4134 1136 4203 parata]
1153 4134 1289 4203 inparata,
1307 4135 1367 4185 nar?
1384 4132 1429 4183 iru-
1523 4146 1524 4213 j

295 4226 436 4295 parataP
489 4227 520 4279 11
541 4226 628 4279 nostri
646 4242 697 4280 om.
715 4226 753 4279 Ρι
819 4226 851 4280 13
871 4225 991 4280 auferret
1008 4224 1046 4277 P¹
1109 4224 1141 4277 16
1159 4226 1226 4277 tuno
1244 4221 1329 4275 MFA
1347 4221 1429 4286 sofr
1523 4286 1524 4291 Ἰ

297 4315 330 4370 18
348 4315 554 4385 inpenderemus
573 4314 637 4367 AP¹
712 4315 744 4367 19
764 4311 869 4369 debetis
887 4314 915 4369 R
987 4314 1019 4367 21
1040 4312 1232 4367 sufficientium
1251 4312 1278 4363 A
1341 4310 1375 4361 12
1391 4306 1428 4359 tui
1523 4344 1524 4363 r

295 4405 388 4473 quam]
408 4404 534 4472 cuiquam
553 4403 579 4454 P
647 4404 674 4457 in
695 4407 722 4457 te
741 4403 808 4457 mihi
827 4421 877 4457 om.
898 4403 925 4455 A
943 4402 1009 4456 mihi
1028 4402 1103 4455 inte
1122 4398 1183 4455 edd.
1523 4402 1524 4467 1
