3092 5217
271 483 335 547 742
629 483 655 536 S.
684 482 825 536 Aureli
853 484 1070 551 Augustini

269 677 368 741 deus
401 677 643 741 misereatur
674 677 737 740 mei
766 695 823 760 per
851 677 1009 742 orationes
1037 681 1108 743 tuas
1137 681 1169 743 et
1201 679 1421 744 inluminet

269 782 431 848 uultum
460 802 575 847 suum
604 803 725 867 super
752 801 803 848 me
831 803 887 866 per
915 784 1074 849 lucernam
1103 785 1191 850 uerbi
1220 785 1278 864 tui,
1312 789 1422 852 sancte

269 891 405 968 domine,
429 890 612 955 beatissime
630 890 726 956 fratm
744 891 776 955 in
797 890 921 955 domino
942 889 1067 956 Christo
1087 891 1245 970 unanime,
1269 891 1425 976 magister

269 1016 360 1061 meus
383 996 415 1061 in
433 995 496 1061 fide
515 997 660 1061 ueritatis
680 1000 713 1061 et
735 1001 904 1079 susceptor
923 1015 1014 1062 meus
1033 998 1064 1061 in
1083 997 1261 1064 uisceribus
1281 997 1422 1062 cantatis

270 1101 400 1168 Christi.
1454 1129 1469 1166 s

780 1296 905 1362 CXXII.

320 1435 588 1492 n1nncT1ss1nIS
607 1435 810 1492 FRATRIBUS
831 1433 1069 1492 concnnsslcls
1088 1436 1135 1490 ΕΤ
1155 1435 1360 1490 cmvnnsan

450 1524 559 1580 PLEBI
578 1523 810 1580 AUGUSTINUS
828 1524 869 1579 IN
888 1524 1035 1580 DOMINO
1055 1524 1233 1580 SALUTEM.

226 1657 242 1718 1
313 1653 349 1716 ln
376 1652 487 1734 primis
514 1654 589 1734 peto
620 1651 785 1716 caritatem
819 1653 958 1716 uestram
988 1655 1021 1716 et
1055 1671 1111 1735 per
1138 1652 1245 1717 lesum
1278 1651 1423 1728 obsecro,

269 1777 308 1822 ne
341 1775 400 1822 uos
431 1775 503 1821 mea
535 1757 703 1821 contristet
739 1757 883 1822 absentia
915 1757 1098 1841 corporalis.
1136 1776 1207 1822 nam
1241 1757 1357 1839 spiritu
1389 1759 1424 1819 et
1444 1779 1471 1816 ιο

268 1863 372 1930 cordis
396 1865 512 1928 affectu
534 1866 613 1947 puto
637 1882 697 1929 uos
720 1882 782 1929 non
806 1863 950 1928 dubitare
979 1863 1186 1928 nullomodo
1210 1881 1261 1928 me
1285 1881 1304 1927 a
1326 1862 1423 1927 uobis

269 1989 363 2053 posse
392 1969 566 2046 discedere,
593 1970 741 2052 quamuis
775 1990 825 2034 mc
854 1971 991 2052 amplius
1021 1971 1188 2036 contristet
1215 1989 1312 2052 quum
1340 1969 1423 2034 forte

269 2095 328 2142 uos
357 2076 456 2160 ipsos,
481 2077 566 2160 quod
592 2075 759 2142 infirmitas
783 2095 855 2141 mec
883 2077 1028 2142 sulficere
1056 2097 1115 2142 non
1143 2079 1251 2159 potest
1274 2075 1424 2142 omuibus

270 2184 366 2257 curis,
400 2203 477 2266 quas
511 2182 549 2249 de
581 2204 633 2248 me
666 2185 797 2269 exigunt
828 2185 971 2250 membru
998 2183 1126 2262 Christi,
1160 2184 1277 2268 quibus
1309 2201 1362 2248 me
1389 2187 1426 2246 et

267 2291 363 2354 timor
390 2290 459 2355 eius
494 2295 526 2355 et
559 2291 673 2356 caritas
706 2292 826 2356 seruire
859 2290 1032 2374 compellit.
1065 2289 1147 2356 illud
1179 2290 1264 2355 enim
1296 2289 1425 2354 nouerit
1444 2311 1469 2348 15

269 2400 377 2461 uestra
400 2397 528 2462 dilectio
551 2417 726 2481 numquam
749 2419 800 2463 mc
824 2399 986 2464 absentem
1014 2399 1114 2464 fuisso
1137 2397 1304 2462 licentiosa
1326 2395 1423 2460 liber-

270 2506 335 2567 tate
368 2503 424 2569 sod
456 2505 632 2570 necessaria
666 2505 831 2584 seruitute,
861 2524 941 2588 queo
970 2524 1063 2587 saepe
1092 2507 1218 2569 sanctos
1246 2504 1359 2568 iratres
1387 2508 1423 2566 ct

270 2608 408 2694 collegas
431 2631 520 2676 meos
540 2613 636 2676 etiam
660 2611 783 2676 labores
807 2611 943 2676 marinos
963 2614 996 2676 et
1014 2610 1239 2676 transmarinos
1264 2609 1423 2691 compulit

269 2718 436 2794 sustinere,
474 2738 492 2783 a
524 2719 641 2800 quibus
673 2737 724 2783 me
761 2737 886 2800 semper
918 2736 978 2783 uon
1016 2717 1178 2782 indeuotio
1211 2715 1328 2781 mentis
1363 2714 1421 2780 sed

267 2823 373 2888 minus
397 2826 510 2890 idonea
532 2825 676 2890 ualitudo
696 2825 836 2907 corporis
855 2823 1027 2889 excusauit.
1051 2821 1191 2907 proinde,
1216 2822 1420 2887 dilectissimi
1440 2837 1469 2874 20

357 3034 371 3088 l
391 3033 436 3089 Pe.
456 3033 499 3089 66.
519 3035 536 3086 2

302 3157 315 3210 l
337 3157 514 3210 miseraeatur
532 3157 589 3225 (pr.
609 3172 626 3209 a
644 3161 716 3226 ccp.)
741 3157 767 3209 V
854 3157 871 3210 3
891 3156 1010 3225 domine]
1031 3155 1048 3208 d
1067 3154 1099 3208 Κ
1189 3151 1299 3208 Christo
1318 3171 1370 3208 oue.
1388 3153 1419 3205 A

302 3246 451 3309 unanimes,
468 3260 537 3299 corr.
557 3249 616 3297 m.1
637 3245 772 3299 unanimis
792 3245 827 3298 Μ
870 3247 887 3298 4
906 3245 1042 3314 ueritatis]
1064 3243 1185 3298 caritatis
1204 3244 1232 3297 A
1278 3246 1295 3298 5
1314 3241 1419 3297 Christi

266 3350 317 3388 om.
340 3331 366 3386 V
383 3335 442 3388 edd.
534 3334 652 3403 Explicit
672 3334 791 3402 epistula
810 3334 914 3404 paulini
934 3333 968 3388 ad
987 3337 1110 3386 sanctum
1129 3332 1305 3402 augustinum
1324 3329 1420 3385 ΜΡΚ

265 3423 376 3492 explicit
391 3422 509 3492 epistula
523 3423 627 3492 paulini
641 3421 664 3476 0
676 3422 787 3492 explicit
801 3423 918 3492 epistula
932 3421 1036 3492 paulini
1052 3421 1086 3475 ad
1099 3424 1222 3475 sanctum
1238 3420 1417 3490 augustinum

266 3528 344 3564 amen
365 3511 392 3564 G
411 3511 521 3582 explicit
538 3511 613 3565 beati
632 3512 737 3582 paulini
756 3510 791 3564 ad
810 3515 934 3565 sanctum
954 3515 1061 3580 august.
1086 3509 1112 3562 V

373 3633 401 3686 P
423 3657 458 3680 =
477 3634 535 3688 cod.
555 3635 706 3689 Parisinus
723 3651 789 3688 stou.
809 3649 867 3704 ocq.
887 3632 1147 3688 1443s.1X—X.

370 3722 408 3776 M
425 3747 458 3768 -
477 3723 536 3778 coci.
555 3723 735 3777 Monacensis
756 3726 837 3778 6266
854 3739 875 3776 s.
895 3723 933 3776 X.

370 3810 401 3864 F
424 3836 459 3857 =
479 3812 538 3868 cod.
557 3810 777 3882 Salisterpensss
795 3813 826 3866 X
843 3813 884 3865 29
900 3827 923 3868 a.
943 3809 1063 3864 X-XI.

371 3902 398 3952 A
426 3925 460 3946 =
480 3900 538 3954 cod.
558 3901 868 3970 Andomaropoiiionus
889 3904 935 3960 76,
956 3905 983 3964 8,
1002 3901 1019 3952 9
1036 3915 1058 3955 s.
1078 3899 1199 3952 X-XI.

369 3990 408 4043 P¹
425 4015 459 4035 =
478 3989 538 4045 cod.
557 3989 706 4044 Parisinus
723 4006 789 4045 nou,
810 4005 869 4058 aeq.
888 3991 966 4042 1444
985 4004 1006 4043 s.
1025 3987 1081 4041 XI.

370 4079 398 4134 R
426 4104 460 4124 =
479 4077 537 4134 cod.
557 4078 632 4136 Mus.
651 4079 724 4132 Bru.
743 4079 808 4149 Rep.
832 4077 897 4133 51)
920 4077 964 4132 VI
978 4094 999 4131 s.
1019 4075 1177 4130 XI—XII.

300 4206 315 4257 7
336 4203 440 4257 clericis
458 4203 486 4260 R
576 4203 593 4256 8
614 4205 775 4273 augustiuus
794 4202 982 4274 episcopusin
1000 4201 1030 4254 P
1116 4203 1133 4256 9
1152 4199 1255 4271 Iesum]
1281 4202 1419 4256 christum

263 4292 327 4345 ΡΡι
339 4293 438 4360 firm
528 4293 562 4346 12
582 4292 683 4346 discors
701 4291 732 4345 F
805 4292 951 4346 contristat
969 4291 998 4344 F
1085 4291 1119 4345 14
1139 4293 1167 4345 et
1186 4290 1288 4344 caritas
1309 4291 1370 4345 eius
1389 4297 1419 4344 et

263 4381 345 4434 timor
363 4382 390 4435 R
446 4382 478 4436 16
499 4379 608 4434 dilectio
629 4385 721 4434 uestra
740 4381 799 4435 edd.
