3092 5217
457 478 720 547 epistularum
748 477 867 532 Lxxur.
1167 480 1232 544 327

106 674 183 739 uuit:
204 674 364 738 Messores
386 673 545 757 principes
570 672 871 738 circumcellionum
896 678 980 738 suut.
1005 673 1061 738 sed
1085 673 1158 756 quia
1177 692 1232 757 pro

107 780 216 845 zizaniis
246 780 390 845 triticum
423 781 608 858 accusastis,
640 798 700 847 uos
733 798 804 845 csse
836 780 954 845 zizania
992 779 1233 846 demonstrastis

106 895 140 964 at,
164 886 242 969 quod
270 890 322 952 est
349 886 490 971 grauius,
518 889 590 951 ante
617 889 746 969 tempus
780 904 838 951 uos
867 906 885 950 a
912 886 1017 951 tritico
1051 885 1233 969 separastis.

104 995 223 1058 maiores
248 993 334 1059 enim
362 994 473 1069 uestri,
505 994 537 1057 in
565 1012 700 1077 quorum
727 993 882 1078 sacrilega
909 992 1103 1077 praecisione
1130 1010 1234 1074 perse-

80 1100 218 1181 rueratis,
241 1099 372 1184 quidam
391 1101 493 1185 gestis
511 1101 757 1184 municipalibus
778 1101 903 1166 codices
923 1105 1050 1166 sanctos
1069 1104 1101 1165 et
1118 1100 1235 1165 instru-

104 1212 197 1274 menta
217 1208 371 1273 ecclesiae
392 1208 651 1289 persecutoribus
674 1207 882 1284 tradiderunt,
906 1208 1033 1290 quidam
1058 1227 1111 1273 eos
1135 1208 1235 1271 faten-

105 1323 145 1381 tes
173 1316 361 1380 dimiserunt
393 1319 426 1380 et
457 1314 503 1380 eis
536 1315 854 1380 communicauerunt
884 1318 916 1379 et
947 1314 1074 1397 utrique
1108 1314 1234 1378 Cartha·

106 1426 196 1509 ginem
218 1422 340 1488 formosa
360 1421 498 1487 factiorm
522 1424 747 1499 conuenerunt,
772 1422 810 1486 de
835 1422 964 1487 crimine
986 1421 1177 1498 traditionis,
1196 1420 1234 1483 de

106 1550 156 1613 quo
184 1532 245 1614 ipsi
276 1532 362 1594 iuter
393 1548 427 1594 se
454 1530 519 1593 iam
547 1533 778 1606 consenserant,
807 1528 967 1594 inauditos
996 1528 1234 1603 damnauerunt,

75 1637 275 1721 aepiscopum
299 1640 406 1702 contra
430 1637 616 1719 episcopum
640 1636 874 1715 ordinaueront,
894 1636 991 1700 altare
1012 1638 1119 1700 contra
1137 1635 1235 1698 altare

107 1747 262 1812 erexerunt.
295 1747 409 1826 postea
438 1743 563 1808 litteras
597 1743 636 1807 ad
668 1743 889 1826 imperatorem
918 1740 1171 1817 Constantinum,
1199 1743 1236 1804 ut

105 1852 175 1914 inter
202 1849 297 1913 Afros
330 1849 471 1933 episcopi
502 1849 703 1913 transmarini
734 1849 920 1927 iudicarent,
952 1848 1119 1922 miserunt3
1154 1847 1236 1913 datis

106 1955 260 2032 iudicibus,
298 1974 379 2038 quos
415 1957 667 2038 postulauerant‚
704 1958 737 2020 et
767 1956 886 2020 Roriam
922 1954 1138 2019 iudicantibus
1175 1971 1235 2017 non

108 2062 401 2143 obtemperaucrunt3
426 2060 592 2143 episcopos
616 2060 699 2142 apud
720 2060 954 2143 imperatorem,
974 2064 1134 2141 tamquam
1154 2058 1236 2123 male

76 2189 95 2228 a
108 2168 311 2248 iudicauerint,
335 2167 521 2252 arguerunt;
545 2167 584 2231 ab
609 2168 681 2231 aliis
703 2187 814 2232 rursus
838 2168 996 2250 episcopis
1015 2165 1054 2231 ad
1072 2166 1235 2230 Arelatum

107 2275 200 2339 missis
226 2274 266 2338 ad
293 2274 400 2357 ipsum
428 2274 652 2357 imperatorem
679 2274 932 2356 appellauerunt;
967 2273 1004 2337 ab
1033 2274 1103 2355 ipso
1137 2270 1236 2336 auditi

109 2386 135 2444 et
165 2381 402 2446 calumniatores
438 2381 561 2445 inuenti
596 2381 628 2445 in
671 2380 782 2446 eodem
825 2382 943 2446 scelere
984 2380 1233 2463 permanserunt.

109 2486 242 2570 euigilate
265 2486 478 2563 adsalutem,
502 2489 606 2550 amate
627 2504 750 2567 pacem,
773 2485 875 2551 redite
898 2486 937 2550 ad
960 2484 1126 2550 unitatem
1157 2484 1236 2548 haec

109 2592 196 2670 uobis,
231 2610 325 2674 quem
364 2590 404 2655 ad
439 2590 570 2662 modum
604 2593 695 2674 gesta
727 2590 801 2668 sint,
835 2591 959 2673 quando
991 2589 1104 2668 uultis,
1133 2589 1236 2653 carnia

76 2719 95 2756 a
109 2698 271 2763 recitamus.
508 2749 512 2756 .
628 2746 642 2774 ,

47 2796 60 2851 tl
143 2805 197 2869 ille
221 2806 436 2871 communicat
461 2804 566 2881 malis,
595 2804 650 2886 qui
678 2804 838 2869 consentit
863 2805 958 2870 sactis
986 2803 1151 2880 malorum,
1175 2822 1235 2867 non

109 2911 153 2991 qui
177 2912 289 2977 tolerat
316 2912 349 2975 in
378 2929 453 2994 agro
476 2910 640 2976 'dominico
667 2911 787 2976 zizania
814 2930 916 2994 usque
944 2910 983 2975 od
1014 2928 1152 2975 messem
1184 2909 1236 2973 uel

108 3018 214 3099 paleam
245 3038 350 3101 usque
382 3018 423 3082 ad
454 3018 602 3083 ultimam
634 3018 885 3083 uentilationem.
919 3018 946 3083 si
978 3018 1080 3083 malos
1112 3016 1236 3092 odistis,

108 3125 233 3208 nosipsi
256 3125 425 3190 mutamini
449 3125 488 3190 ab
511 3126 632 3190 scelere
654 3126 850 3201 schismata
877 3125 906 3190 si
927 3124 1083 3190 malorum
1105 3123 1236 3206 permix-

76 3255 95 3290 a
108 3230 211 3296 donem
231 3232 399 3308 timeretis,
424 3229 577 3315 Optatam
600 3231 682 3295 inter
705 3250 764 3297 uos
787 3230 819 3295 in
843 3230 1044 3313 apertissima
1070 3228 1237 3311 iniquitate

109 3336 252 3403 maantam
274 3358 332 3421 per
353 3340 404 3404 tot
426 3356 524 3402 annos
547 3357 609 3402 non
632 3337 794 3402 teneretis.
819 3356 913 3420 quem
943 3356 1016 3401 cum
1039 3334 1133 3400 modo
1157 3353 1236 3398 mar·
1289 3354 1299 3361 “

108 3449 194 3525 tyrem
221 3445 337 3520 dicitis,
366 3448 521 3527 superest,
549 3447 587 3509 ut
613 3463 697 3522 eum,
725 3448 855 3527 propter
882 3462 975 3526 quem
1003 3445 1148 3507 mortuus
1178 3443 1237 3515 est,

110 3548 254 3616 [tastum
282 3551 409 3617 dicatis.
441 3555 601 3635 postremo
631 3551 707 3634 quid
734 3570 794 3615 uos
823 3550 953 3615 offendit
977 3550 1061 3616 ortis
1086 3548 1237 3614 Christia-

139 3865 227 3918 lsuut
243 3866 377 3935 principes
395 3864 631 3919 circuncellionmn
649 3864 677 3919 R
738 3863 952 3918 cercioellionum
970 3862 1026 3917 ΓΑ
1045 3861 1236 3924 cercillionum,

110 3967 165 4004 corr.
186 3954 367 4009 circellionum
383 3952 422 4007 Μ
442 3952 625 4009 circellionum
644 3951 672 4004 P
759 3951 1003 4006 2accusatis1t-
1069 3950 1143 4013 estis,
1167 3965 1237 4003 corr.

111 4042 203 4109 ¹m.2?)
221 4061 279 4098 esse
297 4044 334 4097 M
414 4044 606 4097 demonstretis
624 4042 653 4096 R
724 4044 803 4097 tlest
821 4059 871 4097 om.
891 4040 928 4095 M
996 4040 1238 4111 sperneretur-cia

111 4138 279 4198 sparseras.)
293 4132 324 4186 F
338 4133 534 4203 perseuerantia
548 4133 576 4185 P
629 4132 644 4183 7
664 4132 830 4186 demiserunt
848 4131 878 4185 F
929 4131 946 4184 8
964 4130 998 4185 do
1018 4129 1127 4183 crimine
1147 4130 1237 4181 autem

110 4217 246 4275 arditionis
265 4225 292 4277 R
355 4222 390 4275 13
408 4222 616 4290 postulauerunt
632 4220 660 4275 R
730 4223 763 4276 16
782 4220 883 4287 audite,
902 4223 965 4273 na.2
983 4218 1071 4273 auditi
1089 4217 1125 4271 M
1143 4215 1238 4277 audiri,

112 4314 238 4363 torrear
256 4309 344 4364 auditi
362 4310 391 4363 P
451 4311 484 4363 21
505 4310 584 4364 malis
601 4326 653 4364 om.
674 4310 701 4362 P
764 4312 800 4363 24
819 4309 1034 4363 commixtionem
1054 4306 1082 4361 R
1136 4306 1170 4360 25
1190 4321 1238 4374 op·

112 4397 184 4449 tatum
201 4411 253 4464 (nra
273 4415 306 4453 ea
324 4416 392 4454 coer.
411 4416 446 4453 m.
456 4404 482 4466 1)
500 4400 529 4453 P
575 4400 611 4454 26
628 4417 683 4453 non
701 4416 750 4469 per
767 4402 811 4453 tot
829 4414 913 4453 annos
932 4398 959 4453 R
1014 4397 1048 4451 28
1067 4393 1199 4449 dicitisrt
