3092 5217
510 504 772 574 epistularum
800 505 880 560 XCV.
1206 511 1271 574 513

122 704 165 776 ut,
199 697 285 781 quod
316 698 499 764 hominibus
528 702 751 782 apparuerunt,
784 719 845 764 nou
874 699 913 764 ad
945 700 1119 766 falsitatem
1147 699 1203 766 sed
1231 702 1271 766 ad

118 805 207 869 illam
230 807 424 888 potestatam
444 824 480 870 ac
503 805 691 871 facilitatem
711 805 903 889 spiritalium
922 825 1089 891 corporum
1106 809 1269 874 referatur.

119 913 176 978 sed
200 911 270 976 siue
298 912 436 977 habeant
458 913 562 997 angeli
596 930 726 994 corpora
754 913 823 977 siue
848 913 1016 996 quisquam
1038 914 1144 996 possit
1167 920 1271 980 osteu-

118 1018 201 1094 dere,
228 1018 381 1100 quemad
404 1019 533 1084 modum
554 1037 684 1101 corpora
703 1037 764 1084 nen
787 1019 941 1085 habentes
964 1039 1073 1104 gerere
1090 1021 1148 1084 illa
1165 1021 1271 1086 omnia

92 1125 291 1208 spotuer'int
325 1125 356 1189 in
388 1125 444 1189 illa
476 1129 581 1190 tamen
615 1125 745 1190 ciuitate
779 1130 972 1206 sanctorum,
1006 1127 1060 1191 ubi
1088 1127 1184 1192 etiam
1215 1147 1271 1211 per

119 1231 282 1296 Christum
320 1231 478 1315 redempti
517 1251 535 1296 a
572 1233 839 1316 generatione
877 1233 949 1297 hae
985 1231 1023 1297 in
1062 1237 1269 1300 aeternum

117 1337 351 1421 coniungantur·
369 1337 499 1402 milibus
518 1338 712 1423 augelorum,
733 1356 830 1403 uoces
850 1339 1027 1420 corporales
1047 1359 1107 1405 non
1131 1341 1268 1406 latentes

118 1443 241 1508 animos
275 1443 468 1523 indicabunt,
503 1444 577 1526 quia
608 1444 638 1508 in
671 1444 727 1508 illa
760 1444 913 1510 societate
940 1445 1049 1510 diuina
1075 1446 1155 1511 nibil
1183 1447 1269 1530 cogi·

117 1550 250 1616 tationis
279 1551 419 1634 proximo
448 1551 567 1635 poterit
594 1551 758 1630 occultari,
787 1550 931 1616 sederit
959 1570 1134 1618 consonans
1162 1553 1195 1618 in
1218 1553 1269 1619 dei

84 1655 211 1721 ulands
249 1657 415 1722 concordia
451 1676 512 1722 non
556 1657 661 1722 solum
698 1657 813 1742 spiritu
849 1677 963 1724 uerum
1000 1659 1097 1722 etiam
1133 1658 1269 1742 spiritali

118 1781 247 1844 corpore
271 1783 427 1846 expressa.

52 1865 66 1926 9
159 1869 231 1935 Hoc
255 1871 334 1934 mihi
357 1870 483 1936 interim
506 1871 645 1936 uidetur.
670 1870 697 1935 si
717 1871 795 1954 quid
815 1870 1040 1954 congruentius
1064 1871 1192 1937 ueritati
1215 1873 1270 1936 uel

118 1976 179 2040 iam
213 1979 303 2042 tenes
336 1978 390 2042 uel
422 1996 440 2041 a
468 1977 664 2043 doctioribus
697 1977 806 2042 audire
838 1977 991 2060 potueris,
1024 1997 1081 2060 per
1111 1981 1143 2042 te
1174 1996 1269 2043 nosse

120 2082 355 2148 studiosissime
394 2086 532 2168 expecto.
575 2102 702 2149 recense
739 2102 814 2148 sane
852 2081 1023 2166 epistulam
1059 2103 1174 2161 meam,
1217 2083 1270 2148 oui

85 2205 104 2242 ¹⁵
120 2190 268 2272 quoniam
291 2189 553 2254 festinantissime
577 2193 609 2253 te
632 2190 834 2274 respondisse
859 2190 897 2254 de
921 2189 1044 2254 diaconi
1067 2189 1269 2255 festinatione

121 2300 268 2360 causatus
303 2315 347 2370 cs,
384 2295 456 2360 ideo
494 2316 554 2361 nou
589 2315 772 2379 conqueror,
811 2295 866 2361 sed
904 2296 1012 2378 potius
1045 2314 1268 2375 commemoro,

121 2406 163 2480 ut,
188 2402 274 2485 quod
298 2405 374 2466 tunc
398 2403 553 2467 omissum
578 2405 638 2478 est,
662 2422 743 2467 nunc
766 2403 925 2467 reddatur.
950 2401 1044 2467 etde
1068 2402 1132 2467 otio
1153 2403 1269 2486 quippe

122 2508 297 2574 Christiano
345 2509 383 2573 ad
429 2509 662 2592 percipiendam
703 2509 756 2573 uel
797 2508 1014 2574 disserendam
1056 2506 1269 2573 Christianam

122 2615 306 2696 sapientiam
331 2615 407 2698 quid
431 2616 549 2681 sentias
573 2616 666 2680 etde
691 2616 766 2692 otio,
791 2614 875 2698 quod
897 2616 1060 2699 putabam,
1083 2618 1151 2691 tuo,
1176 2614 1268 2679 cuius

85 2739 107 2778 oo
122 2720 197 2785 mihi
221 2722 443 2806 occupationes
467 2722 669 2787 incredibiles
693 2723 856 2787 nuntiatae
880 2721 1108 2804 sunt‚1·equire
1128 2723 1160 2786 ot
1182 2721 1267 2801 uide,

123 2826 196 2909 quid
219 2847 237 2890 a
260 2830 292 2892 te
316 2828 397 2892 scire
422 2829 620 2910 quaesierim.

165 2929 216 3018 [lit
235 2934 297 2998 alia
320 2931 441 3022 manu:]
466 2935 624 3000 Memores
643 2935 742 3000 nostri
765 2934 874 2999 felices
893 2933 996 3000 uiuite
1014 2953 1130 3020 magua
1152 2935 1269 3019 gaudia

124 3040 428 3120 etsolatiauost1a‚
452 3041 554 3106 sancti
577 3042 637 3107 dei.

210 3231 286 3288 aes.
309 3232 352 3299 11,
371 3233 401 3296 a;
421 3231 502 3286 neor.
525 3233 566 3298 12,
585 3233 620 3287 aa

161 3353 347 3424 iappsruerit
370 3353 425 3409 VU
442 3355 502 3410 edd.
557 3357 684 3411 domnia
701 3355 749 3410 illa
772 3355 799 3409 U
850 3357 885 3411 10
904 3355 1036 3426 spiritalis
1053 3357 1082 3410 P
1136 3357 1169 3409 12
1188 3356 1266 3409 uide·

124 3453 175 3493 tur.
193 3440 297 3497 interim
322 3443 378 3500 VU
394 3443 454 3498 edd.
512 3445 544 3498 13
564 3443 720 3499 doctoribus
739 3445 766 3497 P
783 3444 880 3515 Μῶμε
933 3445 968 3499 22
987 3445 1080 3499 uineta
1097 3444 1126 3497 P

153 4529 264 4586 xxxiiii,
278 4533 334 4586 Aug.
349 4539 404 4578 sect.
415 4536 438 4576 11
448 4546 500 4586 pars
510 4538 531 4578 8.
