<?xml version="1.0" encoding="UTF-8"?>
<!DOCTYPE html PUBLIC "-//W3C//DTD XHTML 1.0 Transitional//EN"
    "http://www.w3.org/TR/xhtml1/DTD/xhtml1-transitional.dtd">
<html xmlns="http://www.w3.org/1999/xhtml" xml:lang="en" lang="en">
 <head>
  <title>
</title>
<meta http-equiv="Content-Type" content="text/html;charset=utf-8" />
  <meta name='ocr-system' content='tesseract 3.04.00' />
  <meta name='ocr-capabilities' content='ocr_page ocr_carea ocr_par ocr_line ocrx_word'/>
</head>
<body>
  <div class='ocr_page' id='page_1' title='image "./corpusscriptoru06wissgoog_0636.png"; bbox 0 0 3092 5217; ppageno 0'>
   <div class='ocr_carea' id='block_1_1' title="bbox 268 474 1064 544">
    <p class='ocr_par' dir='ltr' id='par_1_1' title="bbox 268 474 1064 544">
     <span class='ocr_line' id='line_1_1' title="bbox 268 474 1064 544; baseline -0.013 -7"><span class='ocrx_word' id='word_1_1' title='bbox 268 480 332 543; x_wconf 87' lang='grc'>616</span> <span class='ocrx_word' id='word_1_2' title='bbox 624 475 651 529; x_wconf 85' lang='lat' dir='ltr'>S.</span> <span class='ocrx_word' id='word_1_3' title='bbox 679 474 820 529; x_wconf 81' lang='lat' dir='ltr'>Aureli</span> <span class='ocrx_word' id='word_1_4' title='bbox 846 474 1064 544; x_wconf 79' lang='lat' dir='ltr'>Augustini</span> 
     </span>
    </p>
   </div>
   <div class='ocr_carea' id='block_1_2' title="bbox 268 663 1531 3831">
    <p class='ocr_par' dir='ltr' id='par_1_2' title="bbox 268 654 1531 3831">
     <span class='ocr_line' id='line_1_2' title="bbox 268 663 1418 753; baseline -0.002 -17"><span class='ocrx_word' id='word_1_5' title='bbox 268 671 396 736; x_wconf 87' lang='lat' dir='ltr'>natione</span> <span class='ocrx_word' id='word_1_6' title='bbox 429 669 590 735; x_wconf 87' lang='lat' dir='ltr'>coniuncti</span> <span class='ocrx_word' id='word_1_7' title='bbox 628 673 715 749; x_wconf 90' lang='lat' dir='ltr'>snut,</span> <span class='ocrx_word' id='word_1_8' title='bbox 752 669 868 734; x_wconf 85' lang='lat' dir='ltr'>ceteris</span> <span class='ocrx_word' id='word_1_9' title='bbox 906 672 1023 744; x_wconf 90' lang='lat' dir='ltr'>autem,</span> <span class='ocrx_word' id='word_1_10' title='bbox 1061 688 1100 734; x_wconf 90' lang='lat' dir='ltr'>ne</span> <span class='ocrx_word' id='word_1_11' title='bbox 1136 668 1234 734; x_wconf 84' lang='lat' dir='ltr'>nimie</span> <span class='ocrx_word' id='word_1_12' title='bbox 1267 663 1418 753; x_wconf 80' lang='lat' dir='ltr'>praecisio</span> 
     </span>
     <span class='ocr_line' id='line_1_3' title="bbox 268 774 1531 859; baseline -0.002 -18"><span class='ocrx_word' id='word_1_13' title='bbox 268 776 368 855; x_wconf 88' lang='lat' dir='ltr'>fieret,</span> <span class='ocrx_word' id='word_1_14' title='bbox 403 778 596 859; x_wconf 88' lang='lat' dir='ltr'>praestituto</span> <span class='ocrx_word' id='word_1_15' title='bbox 636 776 686 841; x_wconf 91' lang='lat' dir='ltr'>die</span> <span class='ocrx_word' id='word_1_16' title='bbox 722 774 875 841; x_wconf 90' lang='lat' dir='ltr'>redeundi</span> <span class='ocrx_word' id='word_1_17' title='bbox 909 779 958 842; x_wconf 89' lang='lat' dir='ltr'>est</span> <span class='ocrx_word' id='word_1_18' title='bbox 990 794 1141 841; x_wconf 90' lang='lat' dir='ltr'>concessa</span> <span class='ocrx_word' id='word_1_19' title='bbox 1173 775 1284 840; x_wconf 89' lang='lat' dir='ltr'>dilatio</span> <span class='ocrx_word' id='word_1_20' title='bbox 1323 774 1419 839; x_wconf 88' lang='lat' dir='ltr'>saluis</span> <span class='ocrx_word' id='word_1_21' title='bbox 1530 842 1531 853; x_wconf 51' lang='grc'>,</span> 
     </span>
     <span class='ocr_line' id='line_1_4' title="bbox 268 882 1421 967; baseline -0.003 -18"><span class='ocrx_word' id='word_1_22' title='bbox 268 882 337 949; x_wconf 89' lang='lat' dir='ltr'>suis</span> <span class='ocrx_word' id='word_1_23' title='bbox 367 884 553 961; x_wconf 79' lang='lat' dir='ltr'>honoribus,</span> <span class='ocrx_word' id='word_1_24' title='bbox 581 882 610 948; x_wconf 91' lang='lat' dir='ltr'>si</span> <span class='ocrx_word' id='word_1_25' title='bbox 638 883 722 949; x_wconf 91' lang='lat' dir='ltr'>intra</span> <span class='ocrx_word' id='word_1_26' title='bbox 750 884 904 967; x_wconf 87' lang='lat' dir='ltr'>temporis</span> <span class='ocrx_word' id='word_1_27' title='bbox 931 884 1104 949; x_wconf 89' lang='lat' dir='ltr'>terminum</span> <span class='ocrx_word' id='word_1_28' title='bbox 1130 886 1338 949; x_wconf 86' lang='lat' dir='ltr'>remeassent.</span> <span class='ocrx_word' id='word_1_29' title='bbox 1366 900 1421 946; x_wconf 87' lang='lat' dir='ltr'>nec</span> 
     </span>
     <span class='ocr_line' id='line_1_5' title="bbox 269 980 1531 1075; baseline -0.002 -21"><span class='ocrx_word' id='word_1_30' title='bbox 269 989 445 1055; x_wconf 88' lang='lat' dir='ltr'>timuerunt</span> <span class='ocrx_word' id='word_1_31' title='bbox 480 990 615 1054; x_wconf 77' lang='lat' dir='ltr'>trecenti</span> <span class='ocrx_word' id='word_1_32' title='bbox 647 992 680 1055; x_wconf 88' lang='lat' dir='ltr'>et</span> <span class='ocrx_word' id='word_1_33' title='bbox 711 989 820 1055; x_wconf 90' lang='lat' dir='ltr'>decom</span> <span class='ocrx_word' id='word_1_34' title='bbox 858 990 897 1054; x_wconf 91' lang='lat' dir='ltr'>ad</span> <span class='ocrx_word' id='word_1_35' title='bbox 937 1008 1029 1055; x_wconf 91' lang='lat' dir='ltr'>suum</span> <span class='ocrx_word' id='word_1_36' title='bbox 1064 990 1236 1075; x_wconf 87' lang='lat' dir='ltr'>collegium</span> <span class='ocrx_word' id='word_1_37' title='bbox 1273 1006 1422 1054; x_wconf 89' lang='lat' dir='ltr'>reuocare</span> <span class='ocrx_word' id='word_1_38' title='bbox 1530 980 1531 997; x_wconf 59' lang='lat'>¹</span> 
     </span>
     <span class='ocr_line' id='line_1_6' title="bbox 269 1093 1531 1180; baseline -0.002 -23"><span class='ocrx_word' id='word_1_39' title='bbox 269 1096 358 1159; x_wconf 89' lang='lat' dir='ltr'>tanto</span> <span class='ocrx_word' id='word_1_40' title='bbox 389 1094 575 1158; x_wconf 77' lang='lat' dir='ltr'>Maximiani</span> <span class='ocrx_word' id='word_1_41' title='bbox 608 1096 776 1180; x_wconf 85' lang='lat' dir='ltr'>sacrilegio</span> <span class='ocrx_word' id='word_1_42' title='bbox 810 1098 976 1161; x_wconf 87' lang='lat' dir='ltr'>accusatos</span> <span class='ocrx_word' id='word_1_43' title='bbox 1013 1096 1173 1161; x_wconf 85' lang='lat' dir='ltr'>intuentes</span> <span class='ocrx_word' id='word_1_44' title='bbox 1205 1095 1299 1175; x_wconf 86' lang='lat' dir='ltr'>forte,</span> <span class='ocrx_word' id='word_1_45' title='bbox 1338 1093 1461 1177; x_wconf 68' lang='lat' dir='ltr'>quoda</span> <span class='ocrx_word' id='word_1_46' title='bbox 1530 1102 1531 1155; x_wconf 77' lang='grc' dir='ltr'>ι</span> 
     </span>
     <span class='ocr_line' id='line_1_7' title="bbox 272 1200 1422 1285; baseline 0 -20"><span class='ocrx_word' id='word_1_47' title='bbox 272 1201 427 1283; x_wconf 87' lang='lat' dir='ltr'>scriptum</span> <span class='ocrx_word' id='word_1_48' title='bbox 465 1205 530 1267; x_wconf 89' lang='lat' dir='ltr'>est:</span> <span class='ocrx_word' id='word_1_49' title='bbox 564 1200 725 1267; x_wconf 82' lang='lat' dir='ltr'>Caritas</span> <span class='ocrx_word' id='word_1_50' title='bbox 764 1201 952 1285; x_wconf 81' lang='lat' dir='ltr'>cooperit</span> <span class='ocrx_word' id='word_1_51' title='bbox 987 1200 1301 1267; x_wconf 89' lang='lat' dir='ltr'>multitudinem</span> <span class='ocrx_word' id='word_1_52' title='bbox 1337 1219 1422 1284; x_wconf 89' lang='lat' dir='ltr'>pec·</span> 
     </span>
     <span class='ocr_line' id='line_1_8' title="bbox 272 1308 1422 1392; baseline 0 -19"><span class='ocrx_word' id='word_1_53' title='bbox 272 1310 458 1373; x_wconf 86' lang='lat' dir='ltr'>catorum.</span> <span class='ocrx_word' id='word_1_54' title='bbox 483 1308 567 1389; x_wconf 88' lang='lat' dir='ltr'>qnia,</span> <span class='ocrx_word' id='word_1_55' title='bbox 591 1311 685 1373; x_wconf 90' lang='lat' dir='ltr'>utet</span> <span class='ocrx_word' id='word_1_56' title='bbox 711 1308 916 1392; x_wconf 87' lang='lat' dir='ltr'>permittatur</span> <span class='ocrx_word' id='word_1_57' title='bbox 942 1313 1069 1391; x_wconf 90' lang='lat' dir='ltr'>tempus</span> <span class='ocrx_word' id='word_1_58' title='bbox 1093 1308 1268 1386; x_wconf 87' lang='lat' dir='ltr'>dilationis,</span> <span class='ocrx_word' id='word_1_59' title='bbox 1287 1356 1422 1373; x_wconf 92' lang='grc'><strong>......</strong></span> 
     </span>
     <span class='ocr_line' id='line_1_9' title="bbox 273 1415 1423 1497; baseline 0 -17"><span class='ocrx_word' id='word_1_60' title='bbox 273 1462 902 1483; x_wconf 86' lang='grc'><strong>..........................</strong></span> <span class='ocrx_word' id='word_1_61' title='bbox 906 1464 915 1497; x_wconf 83' lang='grc'>,</span> <span class='ocrx_word' id='word_1_62' title='bbox 934 1416 1011 1481; x_wconf 88' lang='lat' dir='ltr'>foris</span> <span class='ocrx_word' id='word_1_63' title='bbox 1035 1436 1054 1480; x_wconf 86' lang='lat' dir='ltr'>a</span> <span class='ocrx_word' id='word_1_64' title='bbox 1076 1418 1183 1482; x_wconf 87' lang='lat' dir='ltr'>nostra</span> <span class='ocrx_word' id='word_1_65' title='bbox 1201 1415 1423 1480; x_wconf 89' lang='lat' dir='ltr'>communione</span> 
     </span>
     <span class='ocr_line' id='line_1_10' title="bbox 273 1520 1531 1613; baseline 0 -28"><span class='ocrx_word' id='word_1_66' title='bbox 273 1520 525 1603; x_wconf 83' lang='lat' dir='ltr'>baptirauemnt,</span> <span class='ocrx_word' id='word_1_67' title='bbox 554 1540 773 1607; x_wconf 88' lang='lat' dir='ltr'>quoscumque</span> <span class='ocrx_word' id='word_1_68' title='bbox 800 1523 960 1607; x_wconf 84' lang='lat' dir='ltr'>baptizare</span> <span class='ocrx_word' id='word_1_69' title='bbox 984 1526 1172 1607; x_wconf 78' lang='lat' dir='ltr'>potuerunt3</span> <span class='ocrx_word' id='word_1_70' title='bbox 1201 1522 1424 1605; x_wconf 87' lang='lat' dir='ltr'>nequeenim,</span> <span class='ocrx_word' id='word_1_71' title='bbox 1530 1528 1531 1613; x_wconf 62' lang='lat' dir='ltr'>l</span> 
     </span>
     <span class='ocr_line' id='line_1_11' title="bbox 272 1627 1463 1714; baseline -0.004 -23"><span class='ocrx_word' id='word_1_72' title='bbox 272 1627 352 1692; x_wconf 87' lang='lat' dir='ltr'>foris</span> <span class='ocrx_word' id='word_1_73' title='bbox 384 1627 448 1693; x_wconf 93' lang='lat' dir='ltr'>nisi</span> <span class='ocrx_word' id='word_1_74' title='bbox 479 1628 627 1706; x_wconf 85' lang='lat' dir='ltr'>fuissent,</span> <span class='ocrx_word' id='word_1_75' title='bbox 661 1630 813 1695; x_wconf 85' lang='lat' dir='ltr'>dilatione</span> <span class='ocrx_word' id='word_1_76' title='bbox 846 1648 996 1695; x_wconf 90' lang='lat' dir='ltr'>concessa</span> <span class='ocrx_word' id='word_1_77' title='bbox 1026 1630 1155 1695; x_wconf 88' lang='lat' dir='ltr'>inuitari</span> <span class='ocrx_word' id='word_1_78' title='bbox 1192 1632 1352 1714; x_wconf 87' lang='lat' dir='ltr'>poterant,</span> <span class='ocrx_word' id='word_1_79' title='bbox 1390 1632 1427 1692; x_wconf 91' lang='lat' dir='ltr'>ut</span> <span class='ocrx_word' id='word_1_80' title='bbox 1442 1648 1463 1687; x_wconf 82' lang='lat' dir='ltr'>n</span> 
     </span>
     <span class='ocr_line' id='line_1_12' title="bbox 272 1735 1425 1820; baseline 0.001 -21"><span class='ocrx_word' id='word_1_81' title='bbox 272 1735 420 1801; x_wconf 89' lang='lat' dir='ltr'>redirent.</span> <span class='ocrx_word' id='word_1_82' title='bbox 454 1736 567 1801; x_wconf 90' lang='lat' dir='ltr'>deinde</span> <span class='ocrx_word' id='word_1_83' title='bbox 599 1739 633 1800; x_wconf 91' lang='lat' dir='ltr'>ct</span> <span class='ocrx_word' id='word_1_84' title='bbox 664 1739 747 1815; x_wconf 91' lang='lat' dir='ltr'>ante,</span> <span class='ocrx_word' id='word_1_85' title='bbox 782 1756 878 1820; x_wconf 89' lang='lat' dir='ltr'>quam</span> <span class='ocrx_word' id='word_1_86' title='bbox 907 1737 1017 1804; x_wconf 89' lang='lat' dir='ltr'>dilatio</span> <span class='ocrx_word' id='word_1_87' title='bbox 1050 1736 1203 1814; x_wconf 88' lang='lat' dir='ltr'>finiretur,</span> <span class='ocrx_word' id='word_1_88' title='bbox 1237 1740 1270 1802; x_wconf 90' lang='lat' dir='ltr'>et</span> <span class='ocrx_word' id='word_1_89' title='bbox 1301 1740 1425 1820; x_wconf 87' lang='lat' dir='ltr'>postca,</span> 
     </span>
     <span class='ocr_line' id='line_1_13' title="bbox 273 1841 1426 1926; baseline 0.001 -20"><span class='ocrx_word' id='word_1_90' title='bbox 273 1860 368 1924; x_wconf 88' lang='lat' dir='ltr'>qnam</span> <span class='ocrx_word' id='word_1_91' title='bbox 396 1841 487 1907; x_wconf 91' lang='lat' dir='ltr'>finita</span> <span class='ocrx_word' id='word_1_92' title='bbox 509 1846 570 1921; x_wconf 89' lang='lat' dir='ltr'>est,</span> <span class='ocrx_word' id='word_1_93' title='bbox 597 1841 647 1907; x_wconf 91' lang='lat' dir='ltr'>illi</span> <span class='ocrx_word' id='word_1_94' title='bbox 670 1842 838 1909; x_wconf 83' lang='lat' dir='ltr'>duodecim</span> <span class='ocrx_word' id='word_1_95' title='bbox 864 1863 937 1909; x_wconf 91' lang='lat' dir='ltr'>cum</span> <span class='ocrx_word' id='word_1_96' title='bbox 960 1844 1151 1909; x_wconf 83' lang='lat' dir='ltr'>Maximiano</span> <span class='ocrx_word' id='word_1_97' title='bbox 1176 1844 1319 1908; x_wconf 87' lang='lat' dir='ltr'>damnati</span> <span class='ocrx_word' id='word_1_98' title='bbox 1342 1842 1426 1926; x_wconf 88' lang='lat' dir='ltr'>apud</span> 
     </span>
     <span class='ocr_line' id='line_1_14' title="bbox 273 1949 1425 2032; baseline 0 -18"><span class='ocrx_word' id='word_1_99' title='bbox 273 1954 340 2015; x_wconf 89' lang='lat' dir='ltr'>tres</span> <span class='ocrx_word' id='word_1_100' title='bbox 362 1952 419 2013; x_wconf 88' lang='lat' dir='ltr'>aut</span> <span class='ocrx_word' id='word_1_101' title='bbox 442 1949 579 2032; x_wconf 90' lang='lat' dir='ltr'>amplius</span> <span class='ocrx_word' id='word_1_102' title='bbox 602 1950 808 2032; x_wconf 81' lang='lat' dir='ltr'>proconsules</span> <span class='ocrx_word' id='word_1_103' title='bbox 833 1950 973 2016; x_wconf 88' lang='lat' dir='ltr'>accusati</span> <span class='ocrx_word' id='word_1_104' title='bbox 997 1953 1082 2028; x_wconf 90' lang='lat' dir='ltr'>sunt,</span> <span class='ocrx_word' id='word_1_105' title='bbox 1105 1954 1182 2015; x_wconf 89' lang='lat' dir='ltr'>ute</span> <span class='ocrx_word' id='word_1_106' title='bbox 1128 1949 1339 2015; x_wconf 89' lang='lat' dir='ltr'>tsedibus</span> <span class='ocrx_word' id='word_1_107' title='bbox 1359 1950 1425 2015; x_wconf 90' lang='lat' dir='ltr'>suis</span> 
     </span>
     <span class='ocr_line' id='line_1_15' title="bbox 272 2053 1426 2140; baseline 0.001 -21"><span class='ocrx_word' id='word_1_108' title='bbox 272 2054 439 2120; x_wconf 89' lang='lat' dir='ltr'>iudiciario</span> <span class='ocrx_word' id='word_1_109' title='bbox 467 2053 578 2140; x_wconf 87' lang='lat' dir='ltr'>uigore</span> <span class='ocrx_word' id='word_1_110' title='bbox 604 2056 774 2139; x_wconf 89' lang='lat' dir='ltr'>pellantur</span> <span class='ocrx_word' id='word_1_111' title='bbox 798 2056 880 2123; x_wconf 89' lang='lat' dir='ltr'>inter</span> <span class='ocrx_word' id='word_1_112' title='bbox 903 2076 982 2139; x_wconf 90' lang='lat' dir='ltr'>quos</span> <span class='ocrx_word' id='word_1_113' title='bbox 1011 2060 1078 2122; x_wconf 93' lang='lat' dir='ltr'>erat</span> <span class='ocrx_word' id='word_1_114' title='bbox 1064 2056 1283 2122; x_wconf 82' lang='lat' dir='ltr'>tFelicianus</span> <span class='ocrx_word' id='word_1_115' title='bbox 1311 2056 1426 2121; x_wconf 86' lang='lat' dir='ltr'>Musti-</span> 
     </span>
     <span class='ocr_line' id='line_1_16' title="bbox 274 2162 1465 2247; baseline -0.001 -20"><span class='ocrx_word' id='word_1_116' title='bbox 274 2166 380 2239; x_wconf 86' lang='lat' dir='ltr'>tanns,</span> <span class='ocrx_word' id='word_1_117' title='bbox 409 2162 538 2245; x_wconf 86' lang='lat' dir='ltr'>dequo</span> <span class='ocrx_word' id='word_1_118' title='bbox 567 2182 651 2228; x_wconf 90' lang='lat' dir='ltr'>nunc</span> <span class='ocrx_word' id='word_1_119' title='bbox 679 2182 750 2247; x_wconf 86' lang='lat' dir='ltr'>ago,</span> <span class='ocrx_word' id='word_1_120' title='bbox 785 2166 817 2229; x_wconf 89' lang='lat' dir='ltr'>et</span> <span class='ocrx_word' id='word_1_121' title='bbox 843 2164 1062 2229; x_wconf 77' lang='lat' dir='ltr'>Praetextatus</span> <span class='ocrx_word' id='word_1_122' title='bbox 1090 2164 1299 2229; x_wconf 82' lang='lat' dir='ltr'>Assuritanns</span> <span class='ocrx_word' id='word_1_123' title='bbox 1329 2179 1465 2244; x_wconf 75' lang='lat' dir='ltr'>nupero</span> 
     </span>
     <span class='ocr_line' id='line_1_17' title="bbox 276 2268 1531 2347; baseline 0 -14"><span class='ocrx_word' id='word_1_124' title='bbox 276 2268 455 2347; x_wconf 87' lang='lat' dir='ltr'>defunctus,</span> <span class='ocrx_word' id='word_1_125' title='bbox 483 2269 514 2334; x_wconf 94' lang='lat' dir='ltr'>in</span> <span class='ocrx_word' id='word_1_126' title='bbox 539 2270 631 2335; x_wconf 91' lang='lat' dir='ltr'>cuius</span> <span class='ocrx_word' id='word_1_127' title='bbox 656 2269 797 2335; x_wconf 88' lang='lat' dir='ltr'>damnati</span> <span class='ocrx_word' id='word_1_128' title='bbox 825 2270 895 2335; x_wconf 94' lang='lat' dir='ltr'>loco</span> <span class='ocrx_word' id='word_1_129' title='bbox 924 2270 1002 2334; x_wconf 90' lang='lat' dir='ltr'>alter</span> <span class='ocrx_word' id='word_1_130' title='bbox 1031 2270 1094 2335; x_wconf 82' lang='lat' dir='ltr'>iem</span> <span class='ocrx_word' id='word_1_131' title='bbox 1122 2271 1227 2335; x_wconf 85' lang='lat' dir='ltr'>fuerat</span> <span class='ocrx_word' id='word_1_132' title='bbox 1250 2269 1425 2335; x_wconf 89' lang='lat' dir='ltr'>ordinatus.</span> <span class='ocrx_word' id='word_1_133' title='bbox 1530 2306 1531 2341; x_wconf 64' lang='lat' dir='ltr'>r</span> 
     </span>
     <span class='ocr_line' id='line_1_18' title="bbox 277 2374 1427 2458; baseline 0.002 -19"><span class='ocrx_word' id='word_1_134' title='bbox 277 2394 356 2458; x_wconf 90' lang='lat' dir='ltr'>qnos</span> <span class='ocrx_word' id='word_1_135' title='bbox 383 2374 466 2439; x_wconf 87' lang='lat' dir='ltr'>duos</span> <span class='ocrx_word' id='word_1_136' title='bbox 493 2394 555 2441; x_wconf 91' lang='lat' dir='ltr'>non</span> <span class='ocrx_word' id='word_1_137' title='bbox 583 2395 667 2441; x_wconf 92' lang='lat' dir='ltr'>unus</span> <span class='ocrx_word' id='word_1_138' title='bbox 690 2376 869 2441; x_wconf 87' lang='lat' dir='ltr'>Primianus</span> <span class='ocrx_word' id='word_1_139' title='bbox 899 2375 956 2442; x_wconf 90' lang='lat' dir='ltr'>sed</span> <span class='ocrx_word' id='word_1_140' title='bbox 982 2376 1078 2441; x_wconf 90' lang='lat' dir='ltr'>multi</span> <span class='ocrx_word' id='word_1_141' title='bbox 1106 2375 1287 2458; x_wconf 80' lang='lat' dir='ltr'>coepiscopi</span> <span class='ocrx_word' id='word_1_142' title='bbox 1315 2375 1427 2452; x_wconf 85' lang='lat' dir='ltr'>uestri,</span> 
     </span>
     <span class='ocr_line' id='line_1_19' title="bbox 277 2480 1427 2567; baseline 0.001 -22"><span class='ocrx_word' id='word_1_143' title='bbox 277 2499 350 2546; x_wconf 92' lang='lat' dir='ltr'>cum</span> <span class='ocrx_word' id='word_1_144' title='bbox 368 2481 521 2563; x_wconf 82' lang='lat' dir='ltr'>frequent</span> <span class='ocrx_word' id='word_1_145' title='bbox 512 2482 624 2548; x_wconf 86' lang='lat' dir='ltr'>resima</span> <span class='ocrx_word' id='word_1_146' title='bbox 642 2483 837 2548; x_wconf 90' lang='lat' dir='ltr'>numerosita</span> <span class='ocrx_word' id='word_1_147' title='bbox 838 2486 870 2548; x_wconf 90' lang='lat' dir='ltr'>e</span> <span class='ocrx_word' id='word_1_148' title='bbox 885 2482 1135 2567; x_wconf 63' lang='lat' dir='ltr'>tamugadensis</span> <span class='ocrx_word' id='word_1_149' title='bbox 1150 2480 1261 2564; x_wconf 90' lang='lat' dir='ltr'>Optati</span> <span class='ocrx_word' id='word_1_150' title='bbox 1279 2482 1427 2547; x_wconf 86' lang='lat' dir='ltr'>natalicia</span> 
     </span>
     <span class='ocr_line' id='line_1_20' title="bbox 277 2587 1429 2669; baseline -0.001 -17"><span class='ocrx_word' id='word_1_151' title='bbox 277 2587 481 2663; x_wconf 83' lang='lat' dir='ltr'>celebrarent,</span> <span class='ocrx_word' id='word_1_152' title='bbox 519 2591 594 2669; x_wconf 91' lang='lat' dir='ltr'>post</span> <span class='ocrx_word' id='word_1_153' title='bbox 630 2606 740 2653; x_wconf 86' lang='lat' dir='ltr'>eorum</span> <span class='ocrx_word' id='word_1_154' title='bbox 778 2589 844 2653; x_wconf 86' lang='lat' dir='ltr'>sine</span> <span class='ocrx_word' id='word_1_155' title='bbox 882 2587 970 2653; x_wconf 89' lang='lat' dir='ltr'>dilat</span> <span class='ocrx_word' id='word_1_156' title='bbox 948 2592 1033 2653; x_wconf 85' lang='lat' dir='ltr'>trono</span> <span class='ocrx_word' id='word_1_157' title='bbox 1070 2587 1318 2668; x_wconf 87' lang='lat' dir='ltr'>damnationem,</span> <span class='ocrx_word' id='word_1_158' title='bbox 1356 2591 1429 2669; x_wconf 91' lang='lat' dir='ltr'>post</span> 
     </span>
     <span class='ocr_line' id='line_1_21' title="bbox 277 2694 1467 2779; baseline -0.002 -22"><span class='ocrx_word' id='word_1_159' title='bbox 277 2694 489 2772; x_wconf 88' lang='lat' dir='ltr'>terminatam,</span> <span class='ocrx_word' id='word_1_160' title='bbox 517 2714 598 2779; x_wconf 87' lang='lat' dir='ltr'>quae</span> <span class='ocrx_word' id='word_1_161' title='bbox 622 2695 735 2760; x_wconf 88' lang='lat' dir='ltr'>ceteris</span> <span class='ocrx_word' id='word_1_162' title='bbox 760 2695 834 2760; x_wconf 86' lang='lat' dir='ltr'>data</span> <span class='ocrx_word' id='word_1_163' title='bbox 865 2695 978 2771; x_wconf 85' lang='lat' dir='ltr'>luerat,</span> <span class='ocrx_word' id='word_1_164' title='bbox 1003 2694 1090 2759; x_wconf 84' lang='lat' dir='ltr'>dilat&#39;</span> <span class='ocrx_word' id='word_1_165' title='bbox 1067 2697 1198 2771; x_wconf 80' lang='lat' dir='ltr'>tionem,</span> <span class='ocrx_word' id='word_1_166' title='bbox 1226 2698 1302 2777; x_wconf 90' lang='lat' dir='ltr'>post</span> <span class='ocrx_word' id='word_1_167' title='bbox 1325 2694 1428 2759; x_wconf 92' lang='lat' dir='ltr'>diunl</span> <span class='ocrx_word' id='word_1_168' title='bbox 1443 2712 1467 2753; x_wconf 85' lang='lat' dir='ltr'>ro</span> 
     </span>
     <span class='ocr_line' id='line_1_22' title="bbox 279 2800 1427 2886; baseline -0.001 -21"><span class='ocrx_word' id='word_1_169' title='bbox 279 2804 386 2885; x_wconf 85' lang='lat' dir='ltr'>getam</span> <span class='ocrx_word' id='word_1_170' title='bbox 413 2801 532 2866; x_wconf 87' lang='lat' dir='ltr'>forensi</span> <span class='ocrx_word' id='word_1_171' title='bbox 556 2800 652 2866; x_wconf 87' lang='lat' dir='ltr'>etiam</span> <span class='ocrx_word' id='word_1_172' title='bbox 681 2802 818 2886; x_wconf 85' lang='lat' dir='ltr'>strepitu</span> <span class='ocrx_word' id='word_1_173' title='bbox 842 2802 926 2883; x_wconf 89' lang='lat' dir='ltr'>apud</span> <span class='ocrx_word' id='word_1_174' title='bbox 948 2804 998 2866; x_wconf 88' lang='lat' dir='ltr'>tot</span> <span class='ocrx_word' id='word_1_175' title='bbox 984 2801 1167 2867; x_wconf 88' lang='lat' dir='ltr'>tconsules</span> <span class='ocrx_word' id='word_1_176' title='bbox 1192 2801 1427 2866; x_wconf 86' lang='lat' dir='ltr'>accusationem</span> 
     </span>
     <span class='ocr_line' id='line_1_23' title="bbox 277 2906 1427 2993; baseline 0.001 -23"><span class='ocrx_word' id='word_1_177' title='bbox 277 2907 310 2971; x_wconf 92' lang='lat' dir='ltr'>in</span> <span class='ocrx_word' id='word_1_178' title='bbox 332 2906 505 2972; x_wconf 91' lang='lat' dir='ltr'>honoribus</span> <span class='ocrx_word' id='word_1_179' title='bbox 529 2908 662 2991; x_wconf 84' lang='lat' dir='ltr'>integris</span> <span class='ocrx_word' id='word_1_180' title='bbox 687 2912 932 2993; x_wconf 84' lang='lat' dir='ltr'>susceperunto</span> <span class='ocrx_word' id='word_1_181' title='bbox 916 2912 1045 2990; x_wconf 84' lang='lat' dir='ltr'>etpost</span> <span class='ocrx_word' id='word_1_182' title='bbox 1063 2926 1117 2972; x_wconf 92' lang='lat' dir='ltr'>eos</span> <span class='ocrx_word' id='word_1_183' title='bbox 1141 2906 1266 2972; x_wconf 91' lang='lat' dir='ltr'>nullum</span> <span class='ocrx_word' id='word_1_184' title='bbox 1290 2907 1427 2991; x_wconf 86' lang='lat' dir='ltr'>baptiza·</span> 
     </span>
     <span class='ocr_line' id='line_1_24' title="bbox 278 3012 1429 3096; baseline 0.003 -21"><span class='ocrx_word' id='word_1_185' title='bbox 278 3016 405 3078; x_wconf 82' lang='lat' dir='ltr'>uerunt</span> <span class='ocrx_word' id='word_1_186' title='bbox 442 3012 470 3077; x_wconf 90' lang='lat' dir='ltr'>si</span> <span class='ocrx_word' id='word_1_187' title='bbox 506 3013 581 3079; x_wconf 88' lang='lat' dir='ltr'>huic</span> <span class='ocrx_word' id='word_1_188' title='bbox 618 3014 787 3080; x_wconf 88' lang='lat' dir='ltr'>assertioni</span> <span class='ocrx_word' id='word_1_189' title='bbox 819 3013 898 3079; x_wconf 86' lang='lat' dir='ltr'>rasis</span> <span class='ocrx_word' id='word_1_190' title='bbox 902 3016 980 3079; x_wconf 88' lang='lat' dir='ltr'>titur</span> <span class='ocrx_word' id='word_1_191' title='bbox 1013 3015 1067 3079; x_wconf 88' lang='lat' dir='ltr'>uel</span> <span class='ocrx_word' id='word_1_192' title='bbox 1100 3014 1213 3080; x_wconf 91' lang='lat' dir='ltr'>horum</span> <span class='ocrx_word' id='word_1_193' title='bbox 1247 3014 1373 3096; x_wconf 85' lang='lat' dir='ltr'>aliquid</span> <span class='ocrx_word' id='word_1_194' title='bbox 1403 3014 1429 3077; x_wconf 90' lang='lat' dir='ltr'>si</span> 
     </span>
     <span class='ocr_line' id='line_1_25' title="bbox 279 3120 1429 3205; baseline 0.002 -22"><span class='ocrx_word' id='word_1_195' title='bbox 279 3122 375 3203; x_wconf 85' lang='lat' dir='ltr'>negat</span> <span class='ocrx_word' id='word_1_196' title='bbox 376 3138 423 3198; x_wconf 89' lang='lat' dir='ltr'>ur,</span> <span class='ocrx_word' id='word_1_197' title='bbox 469 3120 612 3203; x_wconf 87' lang='lat' dir='ltr'>periculo</span> <span class='ocrx_word' id='word_1_198' title='bbox 654 3120 858 3204; x_wconf 89' lang='lat' dir='ltr'>episcopatus</span> <span class='ocrx_word' id='word_1_199' title='bbox 900 3121 963 3185; x_wconf 90' lang='lat' dir='ltr'>mei</span> <span class='ocrx_word' id='word_1_200' title='bbox 1005 3120 1112 3205; x_wconf 86' lang='lat' dir='ltr'>exigar</span> <span class='ocrx_word' id='word_1_201' title='bbox 1155 3120 1298 3203; x_wconf 90' lang='lat' dir='ltr'>probare,</span> <span class='ocrx_word' id='word_1_202' title='bbox 1348 3120 1429 3204; x_wconf 93' lang='lat' dir='ltr'>quod</span> 
     </span>
     <span class='ocr_line' id='line_1_26' title="bbox 279 3226 1531 3359; baseline -0.003 -70"><span class='ocrx_word' id='word_1_203' title='bbox 279 3226 402 3307; x_wconf 89' lang='lat' dir='ltr'>loquor</span> <span class='ocrx_word' id='word_1_204' title='bbox 1444 3245 1468 3285; x_wconf 76' lang='grc' dir='ltr'>ιι</span> <span class='ocrx_word' id='word_1_205' title='bbox 1530 3268 1531 3359; x_wconf 33' lang='grc'>1</span> 
     </span>
     <span class='ocr_line' id='line_1_27' title="bbox 1530 3382 1531 3481; baseline 0 -34"><span class='ocrx_word' id='word_1_206' title='bbox 1530 3382 1531 3481; x_wconf 78' lang='lat' dir='ltr'>l</span> 
     </span>
     <span class='ocr_line' id='line_1_28' title="bbox 1530 3750 1531 3831; baseline 0 0"><span class='ocrx_word' id='word_1_207' title='bbox 1530 3750 1531 3831; x_wconf 83' lang='lat' dir='ltr'>l</span> 
     </span>
    </p>
   </div>
   <div class='ocr_carea' id='block_1_3' title="bbox 372 3434 593 3497">
    <p class='ocr_par' dir='ltr' id='par_1_3' title="bbox 372 3434 593 3497">
     <span class='ocr_line' id='line_1_29' title="bbox 372 3434 593 3497; baseline 0.009 -9"><span class='ocrx_word' id='word_1_208' title='bbox 372 3434 593 3497; x_wconf 78' lang='lat' dir='ltr'>61Petr.4‚8</span> 
     </span>
    </p>
   </div>
   <div class='ocr_carea' id='block_1_4' title="bbox 283 3574 1531 4269">
    <p class='ocr_par' dir='ltr' id='par_1_4' title="bbox 283 3574 1531 4269">
     <span class='ocr_line' id='line_1_30' title="bbox 318 3574 1430 3646; baseline 0.001 -19"><span class='ocrx_word' id='word_1_209' title='bbox 318 3574 456 3628; x_wconf 83' lang='lat' dir='ltr'>3intra</span> <span class='ocrx_word' id='word_1_210' title='bbox 443 3592 475 3629; x_wconf 80' lang='lat' dir='ltr'>m</span> <span class='ocrx_word' id='word_1_211' title='bbox 492 3592 578 3646; x_wconf 73' lang='lat' dir='ltr'>mary.</span> <span class='ocrx_word' id='word_1_212' title='bbox 602 3576 630 3631; x_wconf 89' lang='lat' dir='ltr'><em>U</em></span> <span class='ocrx_word' id='word_1_213' title='bbox 698 3577 843 3635; x_wconf 90' lang='lat' dir='ltr'>terminum</span> <span class='ocrx_word' id='word_1_214' title='bbox 862 3574 994 3645; x_wconf 88' lang='lat' dir='ltr'>temporis</span> <span class='ocrx_word' id='word_1_215' title='bbox 1019 3574 1073 3627; x_wconf 88' lang='lat' dir='ltr'>VU</span> <span class='ocrx_word' id='word_1_216' title='bbox 1089 3574 1148 3629; x_wconf 81' lang='lat' dir='ltr'>edd</span> <span class='ocrx_word' id='word_1_217' title='bbox 1209 3574 1430 3629; x_wconf 78' lang='lat' dir='ltr'>baccusatorP</span> 
     </span>
     <span class='ocr_line' id='line_1_31' title="bbox 318 3663 1428 3734; baseline 0 -17"><span class='ocrx_word' id='word_1_218' title='bbox 318 3664 402 3717; x_wconf 82' lang='lat' dir='ltr'>fortes</span> <span class='ocrx_word' id='word_1_219' title='bbox 422 3664 448 3718; x_wconf 89' lang='lat' dir='ltr'><em>U</em></span> <span class='ocrx_word' id='word_1_220' title='bbox 492 3665 508 3718; x_wconf 85' lang='grc'><strong>7</strong></span> <span class='ocrx_word' id='word_1_221' title='bbox 527 3666 592 3733; x_wconf 88' lang='lat' dir='ltr'>quia</span> <span class='ocrx_word' id='word_1_222' title='bbox 610 3670 699 3719; x_wconf 86' lang='lat' dir='ltr'>autem</span> <span class='ocrx_word' id='word_1_223' title='bbox 720 3669 749 3718; x_wconf 92' lang='lat' dir='ltr'>et</span> <span class='ocrx_word' id='word_1_224' title='bbox 766 3666 942 3734; x_wconf 85' lang='lat' dir='ltr'>permittatur</span> <span class='ocrx_word' id='word_1_225' title='bbox 954 3668 1062 3734; x_wconf 87' lang='lat' dir='ltr'>tempus</span> <span class='ocrx_word' id='word_1_226' title='bbox 1077 3664 1216 3718; x_wconf 75' lang='lat' dir='ltr'>dilationis</span> <span class='ocrx_word' id='word_1_227' title='bbox 1228 3663 1297 3717; x_wconf 84' lang='lat' dir='ltr'>loris</span> <span class='ocrx_word' id='word_1_228' title='bbox 1310 3682 1328 3719; x_wconf 91' lang='lat' dir='ltr'>a</span> <span class='ocrx_word' id='word_1_229' title='bbox 1341 3668 1428 3719; x_wconf 84' lang='lat' dir='ltr'>uestra</span> 
     </span>
     <span class='ocr_line' id='line_1_32' title="bbox 283 3753 1426 3824; baseline 0.002 -20"><span class='ocrx_word' id='word_1_230' title='bbox 283 3753 471 3808; x_wconf 88' lang='lat' dir='ltr'>communione</span> <span class='ocrx_word' id='word_1_231' title='bbox 489 3754 697 3824; x_wconf 83' lang='lat' dir='ltr'>baptizaremnt</span> <span class='ocrx_word' id='word_1_232' title='bbox 719 3754 838 3809; x_wconf 82' lang='lat' dir='ltr'>VUtar</span> <span class='ocrx_word' id='word_1_233' title='bbox 857 3754 954 3822; x_wconf 91' lang='lat' dir='ltr'>quibus</span> <span class='ocrx_word' id='word_1_234' title='bbox 974 3757 1064 3807; x_wconf 89' lang='lat' dir='ltr'>autem</span> <span class='ocrx_word' id='word_1_235' title='bbox 1084 3756 1126 3807; x_wconf 87' lang='lat' dir='ltr'>est</span> <span class='ocrx_word' id='word_1_236' title='bbox 1143 3754 1305 3823; x_wconf 84' lang='lat' dir='ltr'>permissum</span> <span class='ocrx_word' id='word_1_237' title='bbox 1326 3757 1426 3823; x_wconf 84' lang='lat' dir='ltr'>tempus</span> 
     </span>
     <span class='ocr_line' id='line_1_33' title="bbox 284 3839 1426 3913; baseline 0.002 -20"><span class='ocrx_word' id='word_1_238' title='bbox 284 3839 423 3895; x_wconf 85' lang='lat' dir='ltr'>dilationis</span> <span class='ocrx_word' id='word_1_239' title='bbox 436 3842 502 3896; x_wconf 84' lang='lat' dir='ltr'>foris</span> <span class='ocrx_word' id='word_1_240' title='bbox 513 3845 630 3897; x_wconf 85' lang='lat' dir='ltr'>suestra</span> <span class='ocrx_word' id='word_1_241' title='bbox 643 3842 830 3896; x_wconf 85' lang='lat' dir='ltr'>communione</span> <span class='ocrx_word' id='word_1_242' title='bbox 844 3842 1055 3913; x_wconf 85' lang='lat' dir='ltr'>baptiaauerunt</span> <span class='ocrx_word' id='word_1_243' title='bbox 1063 3859 1105 3908; x_wconf 88' lang='lat' dir='ltr'>m,·</span> <span class='ocrx_word' id='word_1_244' title='bbox 1116 3842 1248 3896; x_wconf 69' lang='lat' dir='ltr'>iocinore</span> <span class='ocrx_word' id='word_1_245' title='bbox 1261 3842 1426 3911; x_wconf 75' lang='lat' dir='ltr'>sipnijiooui,</span> 
     </span>
     <span class='ocr_line' id='line_1_34' title="bbox 284 3928 1531 4005; baseline -0.001 -23"><span class='ocrx_word' id='word_1_246' title='bbox 284 3928 414 3985; x_wconf 70' lang='lat' dir='ltr'>eccidisse</span> <span class='ocrx_word' id='word_1_247' title='bbox 432 3932 503 3985; x_wconf 77' lang='lat' dir='ltr'>caim</span> <span class='ocrx_word' id='word_1_248' title='bbox 520 3932 632 3985; x_wconf 79' lang='lat' dir='ltr'>uidetur</span> <span class='ocrx_word' id='word_1_249' title='bbox 649 3929 714 3984; x_wconf 86' lang='lat' dir='ltr'>foris</span> <span class='ocrx_word' id='word_1_250' title='bbox 733 3948 750 3984; x_wconf 89' lang='lat' dir='ltr'>a</span> <span class='ocrx_word' id='word_1_251' title='bbox 767 3934 861 3985; x_wconf 88' lang='lat' dir='ltr'>uestra</span> <span class='ocrx_word' id='word_1_252' title='bbox 879 3932 1065 3985; x_wconf 88' lang='lat' dir='ltr'>communione</span> <span class='ocrx_word' id='word_1_253' title='bbox 1084 3946 1130 3984; x_wconf 86' lang='lat' dir='ltr'>eos</span> <span class='ocrx_word' id='word_1_254' title='bbox 1152 3930 1237 3983; x_wconf 86' lang='lat' dir='ltr'>fnisse</span> <span class='ocrx_word' id='word_1_255' title='bbox 1259 3946 1372 3985; x_wconf 85' lang='lat' dir='ltr'>necesse</span> <span class='ocrx_word' id='word_1_256' title='bbox 1389 3932 1428 3983; x_wconf 88' lang='lat' dir='ltr'>est</span> <span class='ocrx_word' id='word_1_257' title='bbox 1530 4002 1531 4005; x_wconf 7' lang='grc' dir='ltr'><strong>Ἴ</strong></span> 
     </span>
     <span class='ocr_line' id='line_1_35' title="bbox 285 3914 1531 4089; baseline 0 -18"><span class='ocrx_word' id='word_1_258' title='bbox 285 4019 318 4073; x_wconf 88' lang='grc'>10</span> <span class='ocrx_word' id='word_1_259' title='bbox 336 4018 402 4072; x_wconf 82' lang='lat' dir='ltr'>foris</span> <span class='ocrx_word' id='word_1_260' title='bbox 419 4020 483 4089; x_wconf 77' lang='lat' dir='ltr'>nisi]</span> <span class='ocrx_word' id='word_1_261' title='bbox 504 4021 527 4073; x_wconf 92' lang='lat' dir='ltr'>si</span> <span class='ocrx_word' id='word_1_262' title='bbox 545 4020 611 4073; x_wconf 81' lang='lat' dir='ltr'>ioris</span> <span class='ocrx_word' id='word_1_263' title='bbox 629 4020 683 4074; x_wconf 88' lang='lat' dir='ltr'>nisi</span> <span class='ocrx_word' id='word_1_264' title='bbox 701 4020 797 4074; x_wconf 90' lang='lat' dir='ltr'>Pnisi</span> <span class='ocrx_word' id='word_1_265' title='bbox 815 4018 881 4074; x_wconf 84' lang='lat' dir='ltr'>foris</span> <span class='ocrx_word' id='word_1_266' title='bbox 905 4020 1036 4075; x_wconf 82' lang='lat' dir='ltr'>VUedd.</span> <span class='ocrx_word' id='word_1_267' title='bbox 1107 4020 1209 4075; x_wconf 78' lang='lat' dir='ltr'>inritati</span> <span class='ocrx_word' id='word_1_268' title='bbox 1228 4019 1256 4071; x_wconf 95' lang='lat' dir='ltr'><strong><em>P</em></strong></span> <span class='ocrx_word' id='word_1_269' title='bbox 1348 4020 1427 4073; x_wconf 77' lang='lat' dir='ltr'>lert</span> <span class='ocrx_word' id='word_1_270' title='bbox 1530 3914 1531 4077; x_wconf 72' lang='grc' dir='ltr'>ι</span> 
     </span>
     <span class='ocr_line' id='line_1_36' title="bbox 283 4106 1426 4181; baseline 0 -20"><span class='ocrx_word' id='word_1_271' title='bbox 283 4109 316 4161; x_wconf 84' lang='lat' dir='ltr'>in</span> <span class='ocrx_word' id='word_1_272' title='bbox 329 4109 390 4177; x_wconf 81' lang='lat' dir='ltr'>fine</span> <span class='ocrx_word' id='word_1_273' title='bbox 406 4126 433 4163; x_wconf 84' lang='grc' dir='ltr'>ιι.</span> <span class='ocrx_word' id='word_1_274' title='bbox 453 4125 505 4163; x_wconf 90' lang='lat' dir='ltr'>om.</span> <span class='ocrx_word' id='word_1_275' title='bbox 524 4110 552 4162; x_wconf 92' lang='lat' dir='ltr'><strong><em>P</em></strong></span> <span class='ocrx_word' id='word_1_276' title='bbox 632 4111 666 4164; x_wconf 81' lang='lat'>14</span> <span class='ocrx_word' id='word_1_277' title='bbox 684 4108 850 4181; x_wconf 86' lang='lat' dir='ltr'>pellerentur</span> <span class='ocrx_word' id='word_1_278' title='bbox 867 4126 894 4163; x_wconf 88' lang='lat' dir='ltr'>m</span> <span class='ocrx_word' id='word_1_279' title='bbox 972 4110 1005 4164; x_wconf 90' lang='lat'>15</span> <span class='ocrx_word' id='word_1_280' title='bbox 1024 4108 1057 4162; x_wconf 85' lang='lat' dir='ltr'>de</span> <span class='ocrx_word' id='word_1_281' title='bbox 1077 4126 1129 4179; x_wconf 91' lang='lat' dir='ltr'>qno</span> <span class='ocrx_word' id='word_1_282' title='bbox 1147 4125 1201 4163; x_wconf 90' lang='lat' dir='ltr'>non</span> <span class='ocrx_word' id='word_1_283' title='bbox 1221 4124 1274 4177; x_wconf 76' lang='lat' dir='ltr'>ego</span> <span class='ocrx_word' id='word_1_284' title='bbox 1298 4108 1355 4164; x_wconf 85' lang='lat' dir='ltr'>VU</span> <span class='ocrx_word' id='word_1_285' title='bbox 1369 4106 1426 4161; x_wconf 73' lang='lat' dir='ltr'>ecc</span> 
     </span>
     <span class='ocr_line' id='line_1_37' title="bbox 286 4195 1531 4269; baseline 0.001 -19"><span class='ocrx_word' id='word_1_286' title='bbox 286 4197 387 4251; x_wconf 81' lang='lat' dir='ltr'>addita</span> <span class='ocrx_word' id='word_1_287' title='bbox 404 4199 436 4251; x_wconf 78' lang='lat' dir='ltr'>ia</span> <span class='ocrx_word' id='word_1_288' title='bbox 454 4216 478 4251; x_wconf 84' lang='lat' dir='ltr'>m</span> <span class='ocrx_word' id='word_1_289' title='bbox 498 4199 657 4253; x_wconf 77' lang='lat' dir='ltr'>coniectura</span> <span class='ocrx_word' id='word_1_290' title='bbox 675 4216 747 4253; x_wconf 91' lang='lat' dir='ltr'>nunc</span> <span class='ocrx_word' id='word_1_291' title='bbox 826 4196 859 4252; x_wconf 83' lang='lat'>17</span> <span class='ocrx_word' id='word_1_292' title='bbox 879 4198 999 4269; x_wconf 89' lang='lat' dir='ltr'>episcopi</span> <span class='ocrx_word' id='word_1_293' title='bbox 1022 4197 1049 4251; x_wconf 90' lang='lat' dir='ltr'><strong><em>U</em></strong></span> <span class='ocrx_word' id='word_1_294' title='bbox 1120 4197 1153 4251; x_wconf 90' lang='lat'>18</span> <span class='ocrx_word' id='word_1_295' title='bbox 1172 4200 1270 4267; x_wconf 87' lang='lat' dir='ltr'>optata</span> <span class='ocrx_word' id='word_1_296' title='bbox 1288 4197 1365 4252; x_wconf 80' lang='lat' dir='ltr'>codd.</span> <span class='ocrx_word' id='word_1_297' title='bbox 1384 4195 1426 4262; x_wconf 84' lang='lat' dir='ltr'>ls,·</span> <span class='ocrx_word' id='word_1_298' title='bbox 1530 4196 1531 4251; x_wconf 67' lang='grc' dir='ltr'>Ξ</span> 
     </span>
    </p>
   </div>
   <div class='ocr_carea' id='block_1_5' title="bbox 285 4268 1531 4467">
    <p class='ocr_par' dir='ltr' id='par_1_5' title="bbox 285 4268 1531 4467">
     <span class='ocr_line' id='line_1_38' title="bbox 285 4268 1531 4359; baseline -0.002 -20"><span class='ocrx_word' id='word_1_299' title='bbox 285 4287 321 4353; x_wconf 68' lang='lat' dir='ltr'>es.</span> <span class='ocrx_word' id='word_1_300' title='bbox 339 4287 411 4356; x_wconf 64' lang='lat' dir='ltr'>say.</span> <span class='ocrx_word' id='word_1_301' title='bbox 430 4292 529 4342; x_wconf 77' lang='lat' dir='ltr'>macra</span> <span class='ocrx_word' id='word_1_302' title='bbox 548 4288 599 4341; x_wconf 73' lang='lat' dir='ltr'>zos.</span> <span class='ocrx_word' id='word_1_303' title='bbox 619 4288 757 4343; x_wconf 70' lang='lat' dir='ltr'>caecans</span> <span class='ocrx_word' id='word_1_304' title='bbox 775 4287 815 4341; x_wconf 85' lang='grc' dir='ltr'>ιι</span> <span class='ocrx_word' id='word_1_305' title='bbox 833 4290 871 4341; x_wconf 78' lang='lat' dir='ltr'>ca</span> <span class='ocrx_word' id='word_1_306' title='bbox 925 4288 960 4341; x_wconf 84' lang='lat' dir='ltr'>ao</span> <span class='ocrx_word' id='word_1_307' title='bbox 978 4286 1040 4349; x_wconf 77' lang='lat' dir='ltr'>furt,</span> <span class='ocrx_word' id='word_1_308' title='bbox 1058 4302 1126 4341; x_wconf 71' lang='lat' dir='ltr'>corr.</span> <span class='ocrx_word' id='word_1_309' title='bbox 1146 4283 1237 4340; x_wconf 75' lang='lat' dir='ltr'>ruerat</span> <span class='ocrx_word' id='word_1_310' title='bbox 1259 4284 1288 4340; x_wconf 81' lang='grc' dir='ltr'>ιι</span> <span class='ocrx_word' id='word_1_311' title='bbox 1344 4285 1425 4339; x_wconf 77' lang='lat' dir='ltr'>crun-</span> <span class='ocrx_word' id='word_1_312' title='bbox 1530 4268 1531 4359; x_wconf 74' lang='lat' dir='ltr'>l</span> 
     </span>
     <span class='ocr_line' id='line_1_39' title="bbox 286 4372 1531 4467; baseline -0.002 -39"><span class='ocrx_word' id='word_1_313' title='bbox 286 4379 351 4444; x_wconf 85' lang='lat' dir='ltr'>gata</span> <span class='ocrx_word' id='word_1_314' title='bbox 369 4376 446 4430; x_wconf 83' lang='lat' dir='ltr'>codd.</span> <span class='ocrx_word' id='word_1_315' title='bbox 467 4382 492 4430; x_wconf 85' lang='lat' dir='ltr'>ct</span> <span class='ocrx_word' id='word_1_316' title='bbox 510 4378 576 4433; x_wconf 82' lang='lat' dir='ltr'>add.</span> <span class='ocrx_word' id='word_1_317' title='bbox 595 4378 627 4431; x_wconf 78' lang='lat' dir='ltr'>ic</span> <span class='ocrx_word' id='word_1_318' title='bbox 644 4394 731 4447; x_wconf 78' lang='lat' dir='ltr'>marp.</span> <span class='ocrx_word' id='word_1_319' title='bbox 750 4377 909 4432; x_wconf 78' lang='lat' dir='ltr'>coniectura</span> <span class='ocrx_word' id='word_1_320' title='bbox 928 4376 1097 4445; x_wconf 81' lang='lat' dir='ltr'>diuulgatam</span> <span class='ocrx_word' id='word_1_321' title='bbox 1117 4376 1152 4429; x_wconf 83' lang='lat' dir='ltr'>tr</span> <span class='ocrx_word' id='word_1_322' title='bbox 1218 4375 1255 4427; x_wconf 82' lang='lat'>22</span> <span class='ocrx_word' id='word_1_323' title='bbox 1274 4375 1298 4429; x_wconf 87' lang='grc' dir='ltr'>ιι</span> <span class='ocrx_word' id='word_1_324' title='bbox 1316 4374 1384 4445; x_wconf 78' lang='lat' dir='ltr'>egris</span> <span class='ocrx_word' id='word_1_325' title='bbox 1401 4372 1427 4425; x_wconf 89' lang='lat' dir='ltr'><em>P</em></span> <span class='ocrx_word' id='word_1_326' title='bbox 1530 4378 1531 4467; x_wconf 47' lang='lat' dir='ltr'>J</span> 
     </span>
    </p>
   </div>
   <div class='ocr_carea' id='block_1_6' title="bbox 0 0 1565 5217">
    <p class='ocr_par' dir='ltr' id='par_1_6' title="bbox 0 0 1565 5217">
     <span class='ocr_line' id='line_1_40' title="bbox 0 0 1565 5217; baseline 0 0"><span class='ocrx_word' id='word_1_327' title='bbox 0 0 1565 5217; x_wconf 95' lang='lat' dir='ltr'> </span> 
     </span>
    </p>
   </div>
  </div>
 </body>
</html>
