3092 5217
292 509 357 572 512
648 503 675 559 Β.
703 502 843 557 Aureli
869 501 1089 573 Augustini

289 701 433 768 fidelium
470 703 564 783 atque
601 699 771 764 iustorum.
808 717 901 782 porro
939 697 1093 782 spiritalis
1131 698 1272 781 corporis
1305 701 1438 782 qualitas

289 809 451 892 inexperta
482 807 574 872 nobis
608 825 703 888 quem
734 804 775 870 sd
805 804 937 870 modum
971 806 1025 869 uel
1056 806 1282 888 comprehendi
1312 808 1367 873 uel
1396 809 1439 872 in-

290 915 409 981 sinuari
439 914 553 998 possit,
586 912 707 996 ignoro.
741 910 901 994 corruptio
931 910 977 976 ibi
1005 913 1090 976 certe
1117 911 1205 978 nulla
1231 913 1294 976 erit
1320 932 1358 978 ac
1388 933 1440 996 per

289 1023 349 1088 hoc
372 1039 430 1086 nec
456 1021 532 1099 isto,
560 1038 622 1102 quo
647 1037 730 1083 nuuc
758 1016 912 1102 indigent,
941 1017 1141 1100 corruptibili
1164 1017 1235 1083 cibo
1258 1022 1338 1085 tuuc
1364 1020 1440 1084 indi-

288 1128 419 1214 gebunt
459 1145 517 1192 nec
554 1131 661 1191 tamen
694 1143 767 1189 aum
800 1143 911 1207 capere
945 1143 1007 1190 non
1044 1128 1193 1206 potarunt
1223 1125 1476 1208 ueraciterques

291 1253 475 1301 consumere
508 1235 677 1316 potestate,
710 1251 771 1296 non
800 1231 1005 1308 necessitate;
1039 1231 1180 1313 alioquin
1207 1251 1266 1297 neo
1293 1232 1441 1298 dominus

290 1359 364 1406 eum
395 1341 470 1423 post
501 1340 764 1406 resurrectionem
792 1339 979 1421 accepisset,
1012 1339 1068 1421 qui
1095 1339 1187 1404 nobie
1219 1339 1265 1405 ita
1295 1340 1442 1422 praebuit

290 1447 461 1530 corporalis
489 1445 731 1512 resurrectionis
760 1445 949 1528 exemplum,
982 1449 1020 1510 ut
1047 1445 1120 1512 binc
1148 1446 1314 1530 apostolus
1344 1446 1439 1515 dicat:

291 1551 331 1618 Si
373 1553 525 1618 mortui
572 1572 648 1618 nou
695 1555 931 1635 resurgunt,
975 1571 1104 1635 neque
1150 1552 1346 1618 Christus
1391 1571 1441 1616 re·
1524 1592 1525 1595 =

291 1658 480 1724 surrexit.
524 1659 578 1741 qui
611 1678 684 1724 cum
716 1657 868 1724 membris
897 1658 1045 1723 omuibus
1077 1665 1242 1742 appareret
1268 1678 1474 1740 eorumqueo

290 1765 404 1831 officiis
440 1768 593 1844 uteretur,
630 1767 701 1830 loca
738 1765 835 1831 etiam
871 1765 1041 1830 uulnerum
1078 1765 1320 1832 demonstrauit
1364 1785 1439 1848 quas

291 1891 349 1956 ego
379 1872 553 1951 cicatrices,
586 1892 648 1938 non
676 1872 746 1956 ipsa
773 1872 906 1937 uulnera
933 1891 1059 1956 semper
1081 1873 1189 1955 accepi
1212 1875 1245 1936 et
1271 1891 1326 1937 eas
1354 1872 1439 1955 ipsas

289 1981 460 2062 potestate,
492 1998 554 2044 non
582 1979 784 2044 necessitato.
818 1979 910 2044 cuius
943 1979 1112 2062 potestatis
1144 1979 1333 2044 facilitatem
1366 1983 1440 2044 tunc

289 2085 424 2151 maxime
453 2085 600 2164 ostendit,
625 2103 698 2150 cum
721 2086 776 2150 uel
799 2085 830 2149 in
855 2086 918 2150 alia
943 2085 1047 2150 forma
1073 2105 1108 2151 se
1131 2085 1363 2151 demonstrauit
1392 2084 1440 2149 uel

289 2191 322 2256 in
359 2191 452 2258 domo
490 2191 656 2275 discipulis
699 2192 896 2270 constitutis,
939 2211 1013 2257 cum
1054 2193 1137 2258 ostia
1177 2194 1287 2257 clausa
1323 2195 1438 2270 essent,
1456 2215 1476 2254 o

289 2317 385 2364 uerus
408 2299 566 2382 apparuit.

246 2405 265 2470 8
334 2403 415 2469 Hinc
449 2405 549 2469 oritur
582 2404 621 2469 de
653 2398 775 2490 angelis
807 2404 963 2486 quaestio,
1001 2408 1109 2469 utrum
1142 2404 1280 2470 habeant
1310 2422 1440 2486 corpora

291 2511 358 2577 suis
391 2511 505 2576 officiis
539 2514 572 2578 at
602 2511 899 2578 concursationibus
933 2529 1081 2595 congrua,
1118 2530 1157 2575 au
1188 2514 1315 2576 tantum
1347 2511 1438 2575 modo

242 2615 251 2636 ⁸
291 2618 422 2700 spiritus
451 2620 525 2684 sint.
555 2619 583 2683 si
607 2618 690 2684 euim
719 2619 835 2684 habere
859 2619 1041 2696 dixerimus,
1070 2618 1209 2684 occurrit
1230 2617 1339 2682 nobis:
1369 2615 1440 2695 Qui

290 2724 395 2790 facit
431 2723 602 2808 angelos
645 2743 740 2790 suos
783 2724 973 2811 spiritus3
1016 2723 1044 2788 si
1080 2727 1189 2789 autem
1224 2743 1288 2788 non
1328 2723 1477 2788 haberes

291 2830 471 2908 dixerimus
504 2831 577 2914 plus
610 2829 707 2895 habet
735 2830 887 2914 scrupuli,
920 2849 984 2913 quo
1010 2830 1105 2896 modo
1134 2831 1290 2914 scriptum
1318 2831 1363 2894 sit
1387 2849 1439 2894 eos

291 2936 448 3019 corporeis
476 2935 641 3001 hominum
666 2937 812 3001 sensibus
837 2937 905 3002 sine
929 2955 1058 3020 corpore
1080 2940 1310 3020 praesentatos,
1338 2936 1440 3018 hospi-

290 3043 336 3108 tio
364 3045 543 3124 susceptos,
572 3043 670 3125 pedes
694 3043 740 3106 eis
767 3042 864 3121 lotos,
893 3043 1060 3108 edentibus
1084 3043 1119 3107 et
1145 3043 1330 3108 bibentibus
1354 3043 1439 3106 miul-

291 3153 436 3215 stratum.
464 3149 591 3214 facilius
615 3149 698 3215 enim
722 3149 824 3215 uideri
850 3153 960 3233 potest
986 3150 1034 3214 sic
1057 3167 1129 3214 esse
1156 3149 1289 3233 spiritus
1314 3150 1438 3231 angelos

291 3257 394 3322 dictos
423 3259 460 3322 ut
487 3257 631 3322 hominos
661 3257 792 3334 animas,
821 3256 907 3321 sicut
935 3257 1089 3339 scriptum
1113 3261 1164 3322 est
1186 3275 1260 3321 cum
1288 3257 1383 3321 Iacob
1409 3256 1437 3318 in
1453 3276 1476 3320 s

289 3363 472 3448 Aegyptum
495 3366 545 3429 tot
567 3363 687 3428 animas
707 3362 911 3429 descendisse
934 3401 978 3410 —
1000 3364 1205 3445 nequeenim
1229 3382 1362 3446 corpora
1381 3382 1438 3428 non

289 3469 450 3534 habebant
484 3505 539 3548 -,
582 3488 674 3551 quam
713 3472 750 3534 ut
785 3469 843 3534 illa
879 3469 985 3534 omnia
1021 3470 1089 3535 siue
1127 3470 1312 3552 corporibus
1353 3473 1439 3551 gesta

290 3574 466 3640 credantur.
500 3574 611 3640 deiude
635 3579 720 3641 certa
744 3576 899 3658 quaedam
922 3577 954 3640 in
976 3576 1172 3660 Apocalypsi
1194 3577 1300 3661 augeli
1322 3579 1438 3642 statura

290 3680 438 3747 definitur
460 3681 492 3745 in
517 3701 553 3746 aa
581 3701 738 3760 mensura,
769 3702 849 3765 quae
872 3682 935 3749 nisi
958 3701 1127 3768 corporum
1150 3701 1222 3748 esse
1243 3703 1307 3749 nou
1329 3683 1435 3768 possit,

380 3924 479 3979 blanc.
500 3925 543 3993 24,
562 3925 611 3992 30;
629 3927 677 3990 43;
698 3925 755 3982 Ioh.
775 3926 819 3990 21,
839 3927 872 3980 la
941 3924 1189 3989 elcor.1s,1o
1261 3926 1296 3980 10
1313 3924 1376 3979 Luc
1395 3925 1436 3986 24,

292 4012 487 4077 15-43;10h.
508 4013 551 4078 20,
572 4015 691 4078 14-29;
710 4015 794 4069 Marc.
815 4016 856 4076 16,
876 4016 965 4070 5-14
1035 4016 1068 4069 19
1086 4015 1130 4070 Ps.
1153 4015 1214 4078 103,
1231 4016 1251 4069 4
1294 4021 1298 4028 '
1316 4015 1348 4068 21
1368 4013 1436 4068 Gen.

291 4101 333 4166 18,
353 4103 436 4168 2-9;
460 4102 500 4168 19,
521 4103 589 4156 1-3
645 4104 678 4157 25
699 4102 766 4162 Gen.
785 4105 829 4167 46,
849 4105 883 4158 27
939 4103 974 4157 28
992 4104 1077 4175 Apoe.
1099 4104 1141 4172 10,
1162 4103 1231 4157 1-3

328 4243 491 4313 lcorporis]
512 4244 658 4314 corporalis
676 4245 704 4298 P
756 4247 866 4300 3certe
885 4245 925 4300 ibi
943 4245 971 4299 U
1022 4246 1169 4316 bpoterit,
1187 4247 1256 4298 aa
1273 4239 1440 4314 poteruntU

293 4330 325 4385 15
345 4331 434 4385 hostia
458 4331 485 4386 V
555 4333 588 4386 18
608 4334 860 4388 concursationibus
878 4333 967 4388 VUm
1029 4335 1063 4388 21
1085 4334 1196 4404 scripuli
1214 4334 1243 4387 P
1307 4332 1340 4386 23
1357 4329 1435 4384 eden·

292 4417 377 4486 tibus]
398 4418 555 4474 sedentibus
573 4421 602 4474 P
655 4422 689 4476 26
709 4420 877 4476 discendisse
896 4422 924 4476 P
