3092 5217
298 486 364 550 496
657 483 682 537 S.
712 482 849 536 Aureli
875 483 1093 552 Augustini

297 678 335 742 ab
354 679 536 743 hominibus
555 678 783 757 nescientibus,
805 677 881 760 quid
899 678 1079 761 loquantur,
1100 677 1257 743 obiciatur
1270 679 1436 762 apostolica

297 785 353 850 illa
386 786 554 851 sententia:
594 785 635 851 Si
668 784 782 862 enim,
816 803 916 868 quae
950 784 1147 863 destruxi,
1179 784 1276 850 haec
1308 785 1435 850 eadem

297 894 444 956 iterum
473 891 664 970 aedifico,
698 892 1077 976 praeuaricatorem
1110 911 1168 959 me
1199 891 1329 974 ipsum
1357 877 1436 956 con-

298 999 437 1064 stituo.
475 1017 556 1080 quae
594 999 621 1063 si
659 998 721 1062 dici
757 1001 869 1081 posset
892 999 988 1063 etiam
1019 998 1050 1062 in
1086 1017 1150 1077 eos,
1188 1000 1243 1082 qui
1275 999 1435 1062 ueritatem

298 1107 429 1171 correcti
465 1105 659 1188 praedicant,
697 1124 793 1187 quam
823 1107 966 1188 peruersi
1000 1105 1236 1190 oppugnabant,
1272 1106 1305 1170 in
1336 1105 1436 1187 ipsum
1463 1123 1473 1160 ³

296 1213 432 1277 Paulum
461 1211 609 1295 primitus
638 1211 805 1289 diceretur,
838 1213 871 1277 in
899 1231 962 1294 quo
992 1213 1146 1278 ecclesiae
1175 1212 1294 1278 Christi
1324 1213 1437 1296 magni-

297 1317 432 1382 ficabant
470 1319 563 1384 deum
600 1318 775 1398 audientes,
814 1319 898 1402 quod
936 1319 1169 1402 euangelizaret
1203 1318 1309 1396 fidem,
1349 1337 1437 1400 quam

298 1425 465 1508 aliquando
489 1427 647 1493 uastabat.

246 1525 287 1588 53
341 1531 409 1597 Nec
437 1551 628 1615 quemquam
656 1536 750 1616 putes
780 1532 818 1598 ab
848 1551 951 1598 errore
979 1533 1019 1596 ad
1046 1533 1215 1598 ueritatem
1244 1532 1297 1596 uel
1324 1552 1343 1595 a
1369 1551 1438 1614 quo-

298 1657 435 1721 cumque
464 1658 520 1703 seu
544 1659 659 1724 magno
689 1659 746 1705 seu
775 1659 873 1723 paruo
900 1644 1031 1723 peccato
1060 1640 1100 1704 ad
1123 1639 1347 1704 correctionem
1376 1638 1472 1702 sinen

297 1745 492 1828 paenitentia
504 1764 600 1828 posse
618 1745 763 1812 transire.
780 1746 836 1811 sed
850 1747 945 1811 nimis
958 1744 1115 1828 inpudens
1130 1765 1215 1810 error
1234 1749 1285 1810 est
1297 1745 1350 1808 hic
1361 1745 1438 1808 uelle

299 1852 484 1918 calumniari
503 1851 666 1932 eeclesiae,
691 1873 786 1936 quem
810 1857 860 1918 tot
879 1852 995 1917 diuinis
1019 1852 1211 1917 testimoniis
1230 1870 1302 1916 esse
1320 1855 1439 1916 constat

299 1959 465 2023 ecclesiam
490 1957 618 2037 Christi,
647 1959 732 2042 quod
755 1959 847 2024 aliter
868 1962 984 2024 tractat
1006 1959 1091 2036 illos,
1115 1960 1170 2042 qui
1193 1977 1262 2022 eam
1286 1957 1436 2035 deserunt,

299 2065 326 2130 si
358 2067 418 2130 hoe
451 2066 558 2148 ipsum
591 2065 778 2149 paenitendo
812 2066 979 2150 corrigunt,
1018 2065 1111 2130 aliter
1139 2065 1224 2142 illos,
1258 2065 1313 2148 qui
1343 2065 1374 2130 in
1405 2083 1437 2128 ea

297 2172 437 2238 noudum
464 2171 593 2237 fuerunt
616 2176 648 2237 et
674 2176 750 2237 tunc
774 2172 911 2256 pn’mum
938 2191 1050 2254 pacem
1075 2170 1145 2237 eius
1172 2171 1343 2253 accipiunt,
1369 2172 1435 2236 illos
1450 2193 1469 2230 n

299 2279 437 2361 amplius
465 2278 672 2359 humiliando,
700 2280 781 2344 istos
808 2279 913 2344 lenius
941 2277 1156 2362 suscipiendo,
1189 2282 1344 2361 utrosque
1374 2279 1435 2342 dili-

300 2385 412 2472 gendo,
431 2386 574 2469 utrisque
594 2385 741 2451 sanandis
761 2390 903 2451 matema
922 2385 1052 2450 caritate
1071 2385 1249 2451 seruiendo.
1264 2385 1361 2450 habes
1379 2385 1434 2467 epi-

299 2492 417 2557 stulam
446 2493 645 2576 prolixiorem
677 2493 823 2573 sortasse,
848 2513 941 2576 quam
965 2494 1077 2558 uelles.
1103 2497 1189 2558 esset
1211 2496 1318 2558 autem
1341 2493 1433 2556 multo

299 2599 434 2672 breuior,
468 2599 495 2662 si
525 2603 557 2664 te
581 2603 705 2665 tantum
733 2601 765 2663 in
792 2599 1009 2682 respondendo
1037 2600 1225 2685 cogitarem
1254 2619 1336 2664 nuuc
1357 2619 1433 2667 uero.

301 2707 397 2770 etiem
422 2707 449 2770 si
471 2707 530 2771 tibi
554 2707 634 2770 nihil
657 2705 768 2789 prosit,
793 2725 854 2772 uon
878 2709 955 2790 puto
983 2706 1062 2771 nihil
1086 2707 1131 2771 eis
1159 2706 1365 2789 profuturam,
1388 2707 1434 2789 qui
1449 2727 1468 2764 a

301 2832 369 2877 eam
398 2814 503 2897 legere
532 2833 604 2878 cum
638 2813 688 2878 dei
719 2814 833 2879 timore
866 2817 898 2878 et
929 2815 997 2878 sine
1028 2831 1233 2897 personarum
1267 2813 1434 2896 acceptione

301 2921 488 2985 curauerint.
514 2939 615 2984 amen.
662 2939 666 2948 ·

390 3110 406 3162 2
426 3109 487 3163 Gal.
507 3110 532 3172 2,
553 3110 586 3166 18
641 3110 657 3163 6
672 3109 731 3164 Gal.
753 3111 777 3173 l,
796 3111 903 3164 23-24

340 3234 352 3287 1
374 3233 509 3288 ominibus
530 3233 552 3286 0
623 3233 695 3302 quod
718 3233 741 3286 (Ι
812 3232 965 3287 obiciantur
984 3239 1012 3298 (n
1032 3239 1104 3302 cap.)
1124 3233 1161 3287 M
1230 3235 1280 3289 illa
1299 3233 1435 3306 apostolice

301 3321 382 3376 PRL
402 3324 482 3386 (corr.
502 3321 655 3392 apostolica
667 3321 726 3389 illa)
742 3321 802 3376 cdd.
858 3323 875 3375 2
894 3322 1053 3376 destruxisti
1066 3323 1093 3374 A
1165 3324 1234 3379 haec
1253 3322 1355 3392 eadem]
1370 3321 1434 3393 prim

301 3410 368 3464 haec
386 3409 414 3464 R
433 3409 564 3464 eademm
649 3408 810 3464 Baedificio
830 3414 929 3478 (poste.
950 3408 958 3461 i
978 3415 1048 3478 exp.)
1067 3411 1096 3463 P
1175 3409 1434 3481 ipraedicabuutL

337 3497 473 3568 peruersio
494 3497 688 3568 oppugnabant
709 3498 733 3552 0
821 3499 837 3552 6
857 3497 991 3551 diceretur
1009 3498 1134 3568 primitus
1154 3497 1190 3551 Μ
1297 3498 1433 3553 diceturA

303 3589 333 3642 ll
354 3587 496 3656 impudens
515 3587 595 3641 nimis
614 3587 642 3642 R
722 3585 776 3654 hic,
795 3603 865 3643 corr.
883 3605 918 3640 no.
936 3595 968 3641 ut
985 3587 1044 3641 uid.
1064 3592 1079 3639 1
1098 3588 1163 3641 huic
1183 3589 1266 3653 (εἰῶ)
1284 3587 1321 3641 M
1335 3587 1394 3640 hine
1409 3585 1436 3638 N

301 3676 361 3730 cdd.
445 3677 478 3730 12
497 3675 716 3740 ecclesiamedd.
733 3683 875 3745 praetera
964 3680 1072 3730 constat
1091 3693 1149 3730 esse
1168 3675 1230 3731 aad
1308 3673 1432 3744 nequod]

302 3782 371 3835 quae
389 3764 416 3818 L
498 3767 531 3819 14
559 3765 684 3834 corriget,
704 3779 771 3819 cor-r.
792 3770 852 3818 m.1
870 3765 1007 3834 corrigant
1024 3764 1062 3819 M
1175 3765 1295 3820 nondum
1316 3766 1344 3818 in
1366 3762 1433 3818 eaR

304 3856 335 3909 15
356 3854 413 3908 eius
432 3870 525 3924 pacem
544 3853 572 3909 R
590 3853 650 3910 edd.
730 3857 762 3909 16
781 3854 850 3908 istos
869 3859 959 3908 autem
976 3855 1065 3909 lenius
1082 3853 1112 3910 R
1171 3855 1205 3908 21
1224 3854 1324 3925 legere]
1343 3853 1432 3922 digero.

302 3942 499 4012 on.2dilige1·e
518 3945 544 3996 A
618 3945 820 4012 acceptionem-¹1
841 3949 908 4009 (raa.
928 3945 1052 4011 2-31.)
1071 3943 1109 3998 M
1175 3945 1211 3998 22
1229 3961 1306 3998 amen
1324 3959 1372 3995 om.
1392 3937 1432 3992 CL
