3092 5217
283 472 349 535 216
634 469 661 523 S.
689 466 825 521 Aureli
854 468 1072 536 Augustini

282 663 458 727 Maurusio.
490 664 690 748 uigilantium
720 663 823 726 cordis
847 662 896 726 tui
919 664 994 727 noui
1017 681 1074 726 neo
1098 682 1178 744 opus
1202 667 1261 738 est,
1285 665 1425 738 arbitror,

283 772 375 854 plura
397 771 544 847 scribere,
570 790 653 847 oum,
678 771 705 834 si
729 771 880 845 uolueris,
905 769 1056 834 facillime
1081 772 1196 853 possis,
1221 772 1253 833 et
1277 771 1350 853 quid
1374 772 1428 834 alii

285 881 395 941 curent
427 881 459 941 et
491 881 626 941 caueant
657 878 688 940 in
721 877 981 958 possessionibus
1010 876 1074 940 tuis
1104 880 1136 940 et
1162 877 1193 939 in
1219 896 1251 941 re
1275 881 1330 941 tua
1353 878 1426 958 quid
1521 865 1522 868 ¹

284 987 405 1067 agatur,
434 982 606 1046 addiscere.
637 983 669 1046 in
698 1001 730 1046 re
759 986 815 1046 tua
844 1001 914 1046 esse
937 983 1016 1046 milri
1040 983 1133 1046 ualde
1157 983 1356 1046 adfirmatum
1380 991 1428 1048 est

284 1090 432 1167 amicum,
466 1108 538 1152 cum
572 1108 633 1170 quo
668 1089 760 1172 cupio
794 1089 996 1165 concordam
1030 1093 1102 1171 peto
1136 1089 1246 1154 faueas
1279 1089 1317 1152 ad
1349 1090 1426 1154 hauc
1455 1111 1466 1148 s

283 1215 360 1265 rem.
393 1199 430 1259 ut
462 1201 494 1260 et
526 1195 607 1260 inter
639 1196 782 1260 homines
816 1215 962 1278 magnam
996 1196 1120 1259 laudem
1155 1199 1187 1259 et
1219 1196 1303 1278 apud
1336 1197 1428 1259 deum
1521 1209 1522 1256 l

283 1303 399 1366 habeas
437 1322 584 1386 maguam
621 1302 808 1366 mercedem.
846 1303 910 1366 iam
947 1302 1029 1366 euim
1068 1303 1146 1366 mibi
1182 1321 1238 1384 per
1275 1303 1428 1384 quendam

284 1409 399 1473 Carum
423 1410 589 1492 utriusque
613 1413 756 1473 nostrum
779 1409 919 1473 medium
944 1409 1149 1472 mandauerat
1172 1429 1205 1473 se
1226 1410 1332 1473 nescio
1352 1428 1429 1489 quos

284 1517 441 1580 uiolentos
466 1535 542 1580 suos
565 1516 687 1592 timere,
711 1537 749 1579 ne
772 1517 899 1592 faceret,
925 1535 1004 1598 quos
1028 1516 1059 1578 in
1079 1535 1111 1580 re
1130 1521 1186 1580 tua
1205 1519 1237 1579 et
1255 1520 1287 1580 te
1306 1517 1429 1580 fauente

285 1622 396 1686 timere
428 1642 489 1686 oon
521 1624 652 1704 poterit3
685 1642 743 1686 nec
775 1623 844 1706 ipse
873 1623 904 1686 in
933 1643 969 1688 eo
998 1623 1094 1686 debes
1119 1623 1250 1706 diligere
1274 1641 1336 1686 non
1361 1641 1429 1686 eon·
1446 1649 1466 1683 10

286 1730 433 1792 stantiam
477 1730 533 1794 sed
575 1730 666 1813 plane
708 1729 922 1810 pertinaciam.
965 1733 1056 1812 turpe
1095 1733 1144 1793 est
1183 1729 1265 1792 enim
1308 1731 1429 1794 mutare

285 1835 472 1898 sententiam
497 1834 553 1897 sed
576 1853 682 1898 ueram
707 1838 739 1897 et
760 1838 890 1910 rectam,
916 1855 988 1899 nam
1012 1835 1145 1898 stultam
1170 1837 1202 1898 et
1226 1834 1350 1897 noxiam
1369 1834 1426 1898 eti·
1521 1859 1522 1912 r

286 1961 335 2004 am
361 1941 520 2005 laudabile
552 1945 584 2003 et
608 1940 733 2003 salubre
758 1943 817 2004 est.
843 1941 928 2004 sicut
951 1946 1058 2006 autem
1078 1943 1256 2006 constantia
1274 1960 1335 2005 non
1356 1941 1428 2004 sinit

285 2047 446 2111 bominem
470 2047 644 2128 depranam,
669 2046 714 2110 sio
743 2047 916 2129 pertinacia
944 2067 1004 2112 uon
1034 2049 1110 2112 sinit
1138 2048 1267 2130 corrigir
1302 2047 1428 2130 proinde

287 2153 372 2216 sicut
394 2153 449 2216 illa
472 2151 639 2230 laudanda,
662 2153 708 2216 sic
736 2152 800 2216 ista
828 2152 1022 2216 emendanda
1049 2161 1107 2219 est.
1131 2153 1307 2236 presbyter,
1337 2171 1428 2235 quem
1445 2179 1476 2226 ra,
1521 2157 1522 2230 i

285 2259 370 2335 misi,
399 2259 522 2340 reliqua
553 2264 627 2322 tuae
659 2259 844 2341 prudentiae
876 2259 1001 2340 planius
1033 2260 1201 2323 intimabit.
1239 2258 1427 2324 incolumem

285 2365 473 2447 felicemque
506 2369 537 2429 te
570 2365 618 2428 dei
652 2365 869 2430 misericordia
901 2369 1036 2444 tueatur,
1071 2367 1195 2430 domine
1224 2365 1429 2429 dilectissime

285 2471 461 2553 meritoque
484 2471 677 2536 honor-abilis
702 2490 738 2535 ac
762 2471 962 2554 suscipiende
986 2472 1040 2535 lili.

801 2663 913 2728 LVIII.

286 2784 431 2839 DOMINO
451 2784 580 2839 EXIMIO
600 2785 645 2839 ΕΤ
664 2784 801 2838 braulio
823 2784 1062 2839 SUSCIPIENDO
1081 2784 1203 2850 ATQL'E
1225 2784 1268 2838 IN
1288 2784 1428 2839 CHRISTI
1446 2798 1467 2835 ao

286 2873 498 2928 VISCERIBUS
517 2872 768 2929 DILEOTISSIMO
788 2872 886 2927 FILIO
906 2871 1123 2927 PAIIIIACIIIO
1143 2872 1374 2928 AUGUSTINUS
1392 2873 1427 2927 IN
1521 2899 1522 2950 r

687 2962 833 3018 DOMINO
855 2961 1031 3016 SALUTEM.
1521 2969 1522 3016 l

245 3082 259 3142 1
331 3072 420 3134 Boua
454 3090 550 3153 opera
587 3075 642 3135 tua
675 3071 794 3136 Christi
831 3071 934 3154 gratia
966 3071 1175 3154 germinantia
1211 3073 1243 3134 te
1276 3070 1368 3134 nobis
1401 3070 1429 3133 in

288 3176 437 3240 membris
475 3178 542 3240 eius
579 3177 797 3241 honorandum
835 3181 867 3239 et
903 3177 995 3258 plane
1028 3175 1230 3240 notissimum
1265 3175 1431 3239 dileetissi-

1521 3273 1522 3296 r

325 3368 417 3420 lesse
436 3365 525 3420 RVU
560 3367 686 3420 Scarum
705 3384 757 3424 orn.
781 3368 806 3421 Τ
822 3366 882 3420 edd.
900 3372 1046 3434 praeterio
1100 3369 1221 3418 uestrum
1245 3365 1303 3418 VU
1343 3367 1431 3418 Osuos
1521 3343 1522 3434 l

287 3455 423 3508 uiolentos
442 3453 529 3509 RVU
597 3457 629 3509 12
649 3457 722 3525 nam]
740 3473 802 3509 nam
823 3457 897 3508 etT
968 3457 1061 3525 etiam]
1081 3458 1110 3508 et
1128 3455 1186 3508 edd.
1254 3455 1288 3507 13
1310 3459 1431 3508 constan·
1521 3437 1522 3502 l

288 3544 342 3595 ua·
357 3547 393 3606 (m
413 3546 494 3610 eras.)
517 3544 542 3597 V
633 3547 664 3597 15
685 3548 726 3597 est
749 3544 916 3598 emendanda
935 3545 994 3597 ead.
1102 3543 1255 3614 presbyter]
1280 3547 1393 3611 propter
1414 3541 1435 3594 T
1521 3543 1522 3592 l

291 3634 322 3686 16
341 3633 495 3686 incolumen
514 3632 542 3686 R
598 3633 630 3686 18
650 3632 818 3702 suspiciende
838 3632 929 3687 HRV

1521 3593 1522 3630 l

1521 3637 1522 3674 l

449 3739 477 3791 P
503 3765 536 3784 =
555 3740 618 3793 cod*
633 3739 784 3793 Parisinus
802 3756 865 3792 mou.
888 3757 944 3806 aeq.
965 3742 1042 3791 1443
1059 3753 1081 3792 a.
1101 3738 1222 3791 IX-X.
1521 3721 1522 3810 l

448 3829 486 3882 M
503 3854 535 3874 =
555 3829 612 3882 cod.
632 3829 813 3881 Illonacensis
835 3831 914 3880 6266
931 3843 952 3880 a.
972 3828 1009 3882 X.

449 3917 479 3971 F
501 3942 535 3962 =
555 3917 612 3970 cod.
633 3915 854 3985 Salisbarpeasis
872 3917 903 3968 X
922 3917 962 3968 29
979 3931 1000 3967 a.
1020 3915 1141 3968 X-XI.
1521 3915 1522 3932 I

449 4007 476 4058 A
502 4031 534 4050 =
554 4005 612 4058 cod.
631 4004 938 4070 Aadomaropolttanus
959 4005 1004 4063 76,
1025 4006 1051 4061 8,
1074 4004 1092 4054 9
1109 4017 1130 4055 s.
1151 4002 1274 4055 Χ-ΧΙ.

449 4093 487 4147 P¹
504 4119 537 4139 =
557 4094 615 4147 eod.
635 4093 786 4145 Parisinus
805 4109 869 4146 aaa.
891 4109 948 4160 neq.
968 4095 1044 4144 1444
1062 4107 1083 4144 s.
1105 4091 1159 4146 XI.
1197 4107 1211 4136 ¹

450 4181 477 4236 R
504 4207 536 4226 =
556 4181 614 4234 cod.
634 4181 710 4234 arus.
728 4182 801 4235 Brit.
821 4181 886 4250 Rep.
910 4185 925 4234 5
945 4181 974 4234 D
997 4180 1042 4233 VI
1056 4197 1076 4236 s.
1097 4179 1256 4233 Xl-Xll.
1345 4207 1346 4210 ¹

326 4290 360 4343 20
379 4287 550 4359 suspiciendo
569 4288 630 4340 PP¹
705 4287 853 4340 uisceribus
874 4287 967 4340 christi
985 4285 1013 4338 R
1076 4286 1109 4338 21
1130 4287 1158 4338 in
1178 4283 1289 4339 domino
1310 4284 1434 4352 salutem]

291 4379 432 4448 episcopus
451 4379 478 4432 P
