3092 5217
299 461 364 525 328
654 460 681 515 S.
708 460 846 514 Aureli
873 460 1090 529 Augustini

300 669 370 727 nus,
394 670 414 714 a
436 669 499 733 quo
527 670 587 718 uos
615 652 734 717 nesano
762 652 868 717 furore
891 650 1114 737 praecidistis?
1139 658 1170 719 et
1195 654 1272 737 quid
1294 674 1350 721 uos
1370 678 1431 741 pro-

298 761 483 823 meruerunt
517 758 781 839 Maximianistee,
819 778 899 841 quos
936 778 955 825 e
990 760 1083 825 nobis
1121 760 1286 827 damnatos
1321 766 1352 828 et
1385 785 1433 847 per

299 865 419 930 iudicia
440 865 569 947 publica
591 865 630 930 de
652 865 794 931 basilicis
818 866 1020 948 proturbatos
1043 868 1075 933 in
1104 886 1162 933 suo
1191 887 1301 935 rursus
1329 870 1432 937 bonore

299 972 488 1055 recepistis?
520 972 597 1053 quid
627 990 686 1037 uos
719 972 850 1039 offendit
882 992 941 1056 pax
968 971 1097 1048 Christi,
1127 978 1237 1040 contra
1264 994 1357 1058 quam
1382 996 1431 1043 uos

300 1077 446 1144 diuiditis
473 1078 512 1143 ab
540 1079 598 1157 eis,
629 1097 709 1163 quos
735 1079 920 1146 infamatis?
949 1084 981 1145 ct
1009 1080 1086 1162 quid
1108 1099 1167 1146 uos
1190 1084 1363 1164 promeruit
1383 1104 1432 1168 par
1459 1100 1471 1140 ⁵

300 1186 429 1264 Donati,
456 1206 512 1269 pro
537 1204 599 1268 qua
621 1185 797 1270 suscipitis,
822 1205 902 1269 quos
926 1186 1105 1253 damnatis?
1128 1188 1310 1255 Feliciauus
1332 1190 1432 1255 Musti·

299 1296 395 1358 tantm
417 1293 512 1358 modo
535 1292 702 1357 uobiscum
726 1298 786 1358 est
815 1292 952 1377 legimus
976 1314 1048 1359 eum
1072 1296 1161 1378 prius
1184 1295 1216 1359 in
1241 1300 1347 1362 uestro
1373 1316 1433 1361 con-

300 1400 373 1465 cilio
409 1397 592 1463 damnatum
629 1400 661 1463 et
692 1416 712 1462 a
741 1398 835 1463 uobis
871 1402 984 1481 postea
1020 1400 1051 1465 in
1090 1401 1207 1467 iudicio
1249 1404 1433 1486 proconsulis

300 1510 485 1573 accusatum
527 1508 559 1570 et
597 1506 630 1571 in
668 1504 845 1570 Mastitana
886 1506 1016 1571 ciuitate
1058 1507 1159 1591 gestis
1200 1508 1433 1593 municipalibus
1514 1542 1515 1587 3

301 1617 529 1699 oppugnatum.
588 1650 591 1654 <
1452 1644 1472 1681 a
1514 1590 1515 1617 ¹

256 1718 278 1779 4
346 1720 380 1786 Si
403 1719 532 1785 traditio
557 1719 702 1784 codicum
726 1720 881 1784 scelerata
904 1722 964 1797 est,
989 1720 1065 1803 quie
1088 1720 1166 1787 deus
1190 1722 1221 1787 in
1246 1742 1362 1807 regem,
1388 1724 1435 1805 qui
1514 1738 1515 1759 ¹

300 1827 478 1891 Hieremiae
509 1825 627 1891 librum
660 1826 810 1905 incendit,
843 1830 945 1892 morte
973 1827 1089 1893 bellica
1116 1828 1302 1909 uindicauit,
1330 1833 1435 1912 quanto

301 1932 487 1997 sceleratius
512 1936 562 1998 est
585 1932 787 2019 sacrilegium
811 1933 1005 2011 schismatis,
1030 1934 1122 2000 cuius
1146 1939 1303 2013 auctores,
1331 1936 1436 2018 quibus

300 2039 550 2105 Maximianistas
574 2040 791 2122 comparastis,
815 2042 924 2124 aperta
946 2045 1030 2106 terra
1051 2042 1145 2107 uiuos
1170 2042 1347 2108 absorbuit!
1382 2062 1436 2126 quo

301 2146 394 2212 modo
414 2164 488 2231 ergo
505 2145 622 2211 crimen
636 2144 825 2211 traditionis
844 2146 936 2213 nobis
956 2147 1094 2227 obicitis,
1114 2147 1199 2231 quod
1217 2168 1279 2213 non
1295 2148 1436 2232 probatis.
1454 2172 1473 2211 a

302 2257 336 2319 et
361 2252 583 2319 schismaticos
610 2256 736 2318 uestros
760 2256 793 2317 et
816 2252 972 2319 damnetis
997 2258 1030 2320 et
1053 2256 1249 2339 acceptatis?
1273 2255 1302 2321 si
1323 2258 1438 2339 propte·
1514 2244 1515 2287 ³

300 2379 355 2428 rea
388 2360 465 2425 iusti
505 2360 593 2437 estis,
632 2359 706 2443 quia
741 2362 995 2442 persecutionem
1031 2382 1089 2445 per
1122 2362 1329 2446 imperatores
1361 2364 1438 2446 passi

301 2468 391 2545 estis,
414 2466 564 2532 iustiores
587 2466 680 2532 uobis
704 2471 781 2531 suut
802 2468 864 2551 ipsi
887 2468 1150 2549 Maximiauistae‚
1179 2488 1259 2552 quos
1288 2488 1344 2551 per
1368 2468 1439 2533 iudi·
1514 2464 1515 2543 l

302 2594 355 2639 ces
391 2574 430 2637 ab
468 2573 713 2656 imperatoribus
750 2574 917 2639 catholicis
954 2574 1071 2647 missos
1104 2592 1163 2639 uos
1196 2575 1259 2658 ipsi
1292 2576 1440 2657 persecuti

303 2681 392 2747 estis.
425 2681 453 2745 si
485 2680 680 2764 baptismum
712 2700 771 2745 uos
806 2680 867 2745 soli
900 2680 1035 2761 habetis,
1069 2681 1145 2763 quid
1173 2682 1259 2765 apud
1288 2702 1345 2749 uos
1372 2683 1474 2747 facita
1514 2686 1515 2771 l

301 2788 480 2872 baptismus
503 2786 808 2851 Maximianistarum
831 2786 863 2850 in
887 2786 944 2866 ais,
969 2806 1048 2870 quos
1072 2788 1248 2870 baptizarit
1270 2788 1440 2853 Feliciauus
1514 2774 1515 2842 1

303 2894 480 2969 damnatus,
518 2912 591 2958 cum
629 2893 745 2976 quibus
783 2896 834 2958 est
868 2892 909 2958 ad
941 2913 1000 2959 uos
1031 2896 1144 2977 postea
1175 2898 1364 2960 reuocatus?
1395 2894 1441 2958 uel
1514 2874 1515 2967 ᾗ

302 2998 395 3063 uobis
423 2999 514 3064 laicis
542 2998 581 3063 ad
608 2999 672 3064 ista
697 2998 909 3081 respondeant
936 3000 1077 3084 episcopi
1100 3000 1209 3079 uestri,
1233 3000 1262 3065 si
1285 3000 1440 3067 nobiscum

302 3105 390 3188 loqui
423 3105 547 3183 uolunt,
581 3109 614 3170 et
644 3106 784 3190 cogitate
816 3126 872 3189 pro
905 3108 1009 3172 salute
1024 3116 1026 3121 “
1041 3110 1160 3187 uestra,
1193 3108 1288 3191 qrrale
1321 3106 1441 3173 sithoc

302 3212 418 3293 ipsum,
443 3212 528 3294 quod
551 3212 716 3277 nobiscum
744 3213 835 3296 loqui
863 3213 984 3279 nolunt.
1018 3214 1045 3281 si
1073 3214 1142 3296 lupi
1171 3214 1343 3279 concilium
1371 3214 1475 3278 fece-s

301 3322 386 3395 rimi,
418 3322 455 3383 ut
485 3319 667 3402 pastoribus
698 3338 760 3385 uon
793 3319 1014 3403 respondeant,
1047 3340 1143 3403 quare
1176 3340 1253 3386 oues
1281 3320 1440 3385 consilium

300 3424 515 3508 perdiderunt,
538 3430 576 3491 ut
598 3426 638 3490 ad
660 3425 810 3509 luporum
833 3426 1001 3510 speluncas
1029 3428 1200 3493 accedant?

393 3636 423 3689 11
445 3634 519 3688 Hier.
538 3634 583 3697 36,
601 3634 709 3689 20-30
764 3635 797 3690 13
816 3634 898 3689 Num.
919 3636 961 3700 16,
980 3634 1086 3691 31-33

340 3761 352 3813 1
374 3762 530 3829 promerunt
548 3760 575 3811 A
665 3760 681 3814 3
700 3758 844 3828 pturbatos
862 3758 890 3813 R
979 3759 998 3813 4
1020 3758 1164 3829 recipistis,
1184 3762 1249 3814 m.2
1267 3758 1404 3829 recepistis
1421 3756 1443 3811 P
1514 3753 1515 3829 l

338 3847 464 3902 diriditis
482 3864 530 3901 uos
548 3847 576 3902 R
621 3851 715 3913 tuos,
733 3851 799 3902 1112
816 3847 926 3901 anobis
940 3848 977 3901 M
1027 3848 1089 3918 par]
1105 3850 1138 3901 ut
1151 3863 1202 3914 pax
1216 3850 1258 3913 (ut
1271 3848 1324 3903 del.
1338 3844 1444 3914 as.2)P
1514 3878 1515 3915 3

302 3954 365 4008 pars
382 3936 444 3991 MA
490 3936 739 4007 bdampnastislt
786 3936 936 4005 liegimus
953 3934 1060 3991 11111
1104 3936 1283 3990 8111111
1326 3937 1358 3990 ll
1378 3932 1441 4004 quial
1514 3972 1515 4001 p

304 4041 384 4094 quam
404 4024 464 4077 cdd.
526 4025 560 4078 12
578 4024 688 4094 bellica]
705 4024 819 4094 publica·
834 4024 861 4077 P
877 4024 937 4079 edd.
952 4030 1099 4093 praeterea
1163 4023 1196 4078 13
1214 4024 1371 4086 sceleratus,
1388 4026 1444 4075 n.2
1514 4012 1515 4047 ³

303 4112 461 4167 sceleratius
478 4113 516 4166 M
595 4114 630 4167 14
647 4112 832 4177 martaniam,
850 4116 915 4167 113
933 4111 1146 4167 maximianistas
1164 4110 1196 4165 F
1210 4111 1406 4165 maximianistas
1421 4110 1445 4163 P
1514 4136 1515 4139 ¹

305 4200 339 4255 16
357 4201 381 4254 11
400 4200 483 4255 etiam
500 4205 645 4272 propterea
658 4200 686 4256 B
724 4202 757 4255 18
776 4206 841 4255 sunt
855 4202 933 4256 uobis
946 4202 974 4257 R
1009 4202 1044 4257 20
1058 4200 1211 4272 baptismus
1225 4198 1334 4255 iaeitR
1369 4200 1402 4254 13
1415 4197 1442 4251 ad
1514 4218 1515 4271 3

295 4289 371 4343 baec
388 4287 416 4343 R
460 4288 496 4345 26
514 4290 656 4344 concilium
675 4289 735 4344 cdd.
782 4291 816 4344 27
837 4289 946 4360 explicit
964 4288 998 4343 ad
1017 4289 1169 4343 donatistas
1188 4288 1286 4360 quibus
1305 4288 1443 4343 catholicae

304 4381 329 4445 (e
349 4382 420 4447 cap.)
439 4379 553 4433 ecclesia
572 4378 640 4433 dicit
658 4378 687 4432 F
704 4379 814 4449 explicit
833 4378 867 4433 ad
886 4377 1038 4433 donatistas
1058 4376 1192 4431 catholica
1211 4377 1325 4431 ecclesie
1343 4376 1406 4431 dicit
1422 4374 1444 4427 P
1514 4388 1515 4447 j
