3092 5217
306 461 372 524 234
656 457 683 511 S.
712 456 849 510 Aureli
876 455 1094 526 Augustini

307 653 465 737 agendum
488 653 590 735 putat,
616 671 709 736 agere
732 651 915 739 neglexerit,
944 651 1092 734 deinceps
1122 652 1191 716 eius
1219 669 1330 716 uocem
1360 671 1446 716 nemo

306 760 425 827 audiat.
458 779 515 824 nos
544 763 661 837 autem,
691 759 817 824 domino
845 759 1029 824 beatissime
1052 762 1086 822 et
1108 757 1331 824 uenerabiliter
1355 759 1448 832 susei-

306 865 418 949 piende
441 868 540 949 pater,
565 865 593 929 si
616 867 693 930 haec
715 865 833 930 indicia
855 865 956 930 malae
980 865 1230 930 conuersationis
1254 865 1447 942 clericorum,

306 973 441 1037 maximo
465 991 539 1037 cum
561 972 645 1038 sumn
668 991 729 1037 non
752 972 835 1038 bona
858 991 912 1038 eos
936 971 1077 1056 coeperit
1099 972 1254 1049 comitari,
1278 991 1340 1038 non
1363 976 1448 1055 pute-

306 1080 448 1144 uerimus
471 1079 533 1143 uisi
556 1097 593 1144 eo
615 1080 709 1144 modo
733 1077 935 1156 uindicanda,
953 1099 1015 1162 quo
1033 1080 1065 1143 in
1085 1079 1218 1144 concilio
1238 1079 1445 1144 constitutum
1474 1099 1484 1136 ⁵

306 1189 366 1264 est,
390 1184 560 1267 incipimus
583 1185 656 1271 cogi
679 1205 725 1263 ea,
749 1205 829 1269 quae
853 1185 928 1250 sciri
946 1205 1007 1250 non
1026 1189 1171 1268 possunt,
1191 1186 1274 1251 uelle
1294 1185 1448 1251 discutere

307 1295 339 1356 et
372 1294 428 1356 eut
457 1292 579 1356 incerta
611 1290 758 1356 damnare
791 1295 846 1356 aut
877 1311 951 1358 uere
983 1293 1145 1376 incognita
1176 1293 1356 1375 praeterire.
1394 1313 1447 1377 ego

308 1401 392 1462 certe
416 1399 647 1481 presbyterum,
671 1398 786 1480 utqui
810 1398 860 1462 die
883 1398 1004 1475 ieiunii,
1029 1418 1090 1480 quo
1115 1398 1256 1463 eiusdem
1276 1399 1339 1464 loci
1359 1399 1448 1464 etiem

308 1505 444 1570 ecclesia
474 1505 645 1581 inludebat,
677 1505 771 1570 ‘nale’
803 1505 921 1570 faciens
954 1505 1094 1588 collegae
1127 1524 1186 1570 suo
1219 1504 1363 1569 eiusdem
1391 1505 1448 1569 loci

307 1611 490 1695 presbytero
519 1611 603 1694 apud
630 1611 787 1677 famosam
814 1612 980 1676 mulierem
1008 1613 1131 1676 nullum
1160 1630 1269 1676 secum
1303 1611 1448 1675 clericum
1465 1631 1484 1671 u

307 1717 427 1782 babens
454 1737 614 1783 remanere
644 1722 675 1782 et
701 1718 853 1800 prandere
881 1720 913 1784 et
940 1736 1049 1784 cenare
1078 1736 1174 1783 ausus
1204 1721 1253 1782 est
1281 1720 1314 1782 et
1337 1719 1369 1782 in
1391 1737 1448 1782 una

308 1826 400 1890 domo
433 1825 578 1903 dormire,
609 1823 838 1890 remouendum
867 1826 905 1890 ab
934 1823 1039 1890 officio
1066 1824 1253 1908 presbyterii
1282 1825 1447 1888 arbitratus

308 1951 379 1996 sum
412 1931 527 1995 timens
560 1931 590 1995 ei
618 1931 766 2013 deinceps
796 1932 964 1996 ecclesiam
992 1932 1041 1996 dei
1070 1922 1279 1996 committere.
1314 1930 1448 2013 quodsi

307 2037 388 2102 forte
410 2036 570 2102 iudicibus
595 2038 823 2103 ecclesiasticis
846 2038 934 2102 aliud
957 2037 1095 2116 uidetur,
1119 2039 1193 2120 quin
1217 2056 1271 2102 sex
1294 2037 1446 2119 episeopis

308 2163 436 2208 cansam
459 2145 635 2228 presbyteri
658 2144 826 2210 terminare
851 2145 984 2212 concilio
1009 2148 1165 2210 statutum
1190 2148 1249 2222 est,
1274 2146 1448 2210 committat
1464 2165 1483 2202 n

308 2251 365 2328 illi,
390 2251 444 2334 qui
467 2254 550 2330 uult,
574 2253 742 2317 ecclesiam
767 2271 844 2318 suae
868 2271 960 2317 curae
984 2253 1202 2326 commissam
1236 2271 1295 2337 ego
1323 2251 1446 2328 talibus,

307 2359 417 2436 fateor,
448 2357 624 2440 quamlibet
649 2357 774 2440 plebem
806 2359 1003 2423 committere
1031 2359 1139 2431 timeo,
1162 2357 1349 2440 praesertim
1372 2376 1446 2439 quos

308 2464 397 2527 nulla
427 2464 509 2528 bona
540 2463 626 2528 fama
657 2464 808 2542 defendit,
837 2468 874 2530 ut
900 2466 961 2530 boo
990 2465 1035 2530 eis
1063 2465 1168 2549 possit
1194 2465 1328 2548 ignosci,
1351 2483 1398 2540 ne,
1421 2465 1446 2527 si

309 2568 385 2652 quid
408 2570 617 2653 perniciosius
641 2571 790 2654 eruperit,
813 2571 968 2656 languens
991 2573 1135 2655 inputem
1158 2571 1248 2635 mihi.

343 2763 360 2815 2
380 2761 486 2815 domiue
506 2762 674 2816 sanctissime
687 2761 715 2814 P
732 2761 888 2815 beatissime
908 2761 1014 2816 domine
1032 2762 1058 2816 Τ
1074 2761 1134 2817 cdd.
1208 2761 1378 2830 suspiciende
1392 2759 1447 2815 HR

310 2850 469 2905 loomitari
488 2854 517 2904 et
535 2867 589 2904 non
607 2851 667 2906 HR
703 2851 791 2906 5nisl
809 2867 861 2906 om.
885 2850 1028 2905 THRVU
1044 2849 1103 2904 edd.
1160 2850 1253 2904 eosH
1289 2851 1348 2903 let
1360 2849 1448 2904 audP
1525 2897 1526 2934 i

308 2939 324 2992 8
345 2943 373 2992 et
391 2939 468 2992 codd.
489 2939 564 3004 edd,
586 2939 734 2994 emendasti
755 2943 801 3008 ut,·
824 2941 858 3008 cf.
882 2939 948 2994 Tac.
970 2939 1057 2994 Germ.
1083 2943 1164 3001 221
1255 2939 1287 2992 ll
1308 2939 1446 2993 habentem
1525 2945 1526 2969 ³

308 3028 386 3081 codd.
405 3029 462 3094 fle
518 3028 551 3082 13
570 3027 657 3082 eidem
677 3028 705 3082 P
776 3028 819 3082 dei
839 3028 938 3082 om.T
1006 3031 1038 3084 15
1058 3028 1213 3098 presbiterii
1235 3027 1291 3082 VU
1357 3027 1445 3080 termi-

307 3117 402 3170 narim
458 3116 491 3170 18
510 3117 567 3170 ulla
590 3116 646 3171 VU
697 3119 731 3172 19
750 3119 826 3187 eripu
847 3121 928 3186 (exp.)
949 3117 1068 3188 eruperit
1090 3115 1117 3171 U
