3092 5217
455 486 722 556 epistularum
750 487 830 540 XLV.
860 486 952 540 XLVI.
1207 491 1270 554 123

123 679 294 758 mouerint,
330 680 516 764 interrogari
554 682 672 762 potest.
710 698 768 743 nos
802 680 1018 763 gratissimum
1053 682 1207 747 habemus
1240 687 1273 747 et

123 788 205 871 apud
225 787 393 852 dominnm
411 787 507 851 deum
525 790 671 850 nostrum
690 785 923 852 sincerissimae
943 791 1069 852 nestrae
1085 787 1271 872 benignitati

124 893 241 978 gratias
269 893 407 978 agimus,
436 893 465 957 si
492 911 548 976 per
574 896 713 957 uestram
743 912 869 975 operam
900 893 938 956 de
968 893 1139 959 Christiani
1165 895 1271 960 fratris
1316 971 1321 977 ³

124 1001 294 1066 securitate
323 998 528 1083 gaudeamus.

98 1240 109 1277 ⁵
641 1190 753 1258 nnvr.

186 1330 346 1386 DILEOE'O
365 1331 412 1384 ET
433 1328 654 1384 i'ENERABILI
673 1328 782 1382 PATRI
799 1327 1008 1384 At'GUS'l'INO
1029 1329 1204 1386 al’lscoro

592 1415 806 1472 PUBLIOOLA.

166 1546 331 1629 Scriptum
355 1549 419 1610 est:
442 1545 660 1626 Interroga
682 1545 837 1625 patrem
861 1547 973 1610 tuam
1004 1550 1043 1611 et
1070 1546 1274 1612 indicabit

125 1653 211 1732 tibi,
237 1652 423 1718 seniores
446 1654 542 1716 tuos
566 1653 605 1714 ot
629 1651 768 1716 dicent
790 1651 879 1716 tibi.
904 1652 987 1717 unde
1011 1653 1143 1718 etmihi
1168 1654 1274 1737 exqui·
1386 1680 1389 1686 ·

89 1789 111 1827 o
125 1760 253 1825 rendam
280 1759 387 1843 legem
416 1757 454 1822 de
483 1777 536 1822 ore
564 1756 737 1823 sacerdotis
761 1757 902 1823 indicaui
925 1757 957 1822 in
982 1777 1079 1824 causa
1101 1760 1168 1838 tali,
1194 1779 1274 1844 quae

126 1867 227 1950 qualis
251 1867 304 1945 sit,
329 1885 386 1949 per
407 1865 531 1930 litteras
554 1883 686 1947 expono,
710 1865 809 1930 simul
833 1865 928 1930 etiarn
953 1868 989 1929 ut
1008 1869 1039 1930 et
1059 1885 1118 1950 ego
1136 1867 1275 1932 instruar

126 1974 155 2038 in
177 1973 317 2039 diuersis
340 1971 455 2036 causis.
478 1970 621 2054 singulas
645 1974 752 2035 sutem
776 1971 978 2053 quaestiones
1002 1975 1034 2036 et
1058 1972 1199 2038 diuersas
1219 1993 1274 2055 per

127 2079 264 2163 capitula
295 2078 455 2162 designari
489 2077 562 2156 feci,
594 2077 634 2142 ad
662 2096 741 2160 quas
770 2076 958 2162 singillatim
988 2078 1117 2162 dignare
1145 2098 1273 2162 respon-

127 2186 205 2250 dere.

92 2320 112 2357 a
168 2292 192 2358 Ι.
215 2291 253 2356 In
280 2289 472 2373 ArzugibnS,
500 2291 538 2353 ut
565 2286 685 2366 audiui,
718 2287 891 2366 decurioni,
924 2289 977 2371 qui
1010 2290 1105 2354 limiti
1136 2294 1272 2373 praeest,

128 2396 180 2461 uel
199 2397 328 2462 tribuno
353 2397 459 2462 solent
480 2395 584 2460 iurare
606 2393 732 2459 tartari
753 2395 894 2460 iurantes
917 2415 973 2478 per
997 2395 1165 2461 daemones
1185 2415 1272 2463 suos.

129 2503 181 2585 qni
206 2504 248 2568 od
276 2501 477 2568 deducendas
504 2502 654 2585 bastagas
682 2502 769 2583 pacti
795 2501 914 2567 fuerint
940 2503 994 2567 uel
1021 2503 1120 2586 aliqui
1149 2503 1187 2568 sd
1211 2522 1273 2568 ser-

129 2611 245 2676 uandae
280 2611 391 2695 fruges
426 2610 525 2692 ipsas,
567 2609 686 2692 singuli
727 2627 929 2691 possessores
971 2610 1025 2673 uel
1066 2609 1273 2676 conductores

130 2718 230 2782 solent
266 2718 307 2782 ad
344 2716 568 2782 custodiendas
604 2716 712 2800 fruges
745 2715 908 2798 suscipere
945 2715 1037 2798 quasi
1067 2717 1132 2780 iam
1163 2715 1273 2781 fideles

91 2851 115 2890 zo
130 2824 298 2906 epistulam
326 2823 492 2888 decurione
519 2823 666 2886 mittente
694 2822 748 2886 nel
776 2822 895 2906 singuli
923 2825 1132 2898 transeuntes,
1156 2824 1273 2904 quibus

130 2949 258 2997 necesse
281 2934 331 2996 est
352 2950 409 3014 per
430 2929 519 3011 ipsos
541 2928 686 2993 transire.
713 2929 793 2992 mihi
817 2928 1005 3011 disceptatio
1029 2929 1060 2993 in
1085 2928 1177 2994 corde
1201 2933 1274 2994 nata

216 3121 233 3174 8
251 3121 334 3176 Dent.
353 3121 397 3179 32,
418 3121 433 3173 7

166 3246 178 3298 l
199 3287 278 3300 .....
288 3245 376 3315 rogari
396 3248 488 3314 potest
506 3260 556 3297 nos
569 3259 687 3312 prorsus
705 3249 882 3297 monuerunt
900 3245 928 3296 P

288 3367 316 3421 P
340 3393 374 3414 =
394 3367 452 3421 cod.
471 3367 705 3421 Passionem.
727 3383 785 3434 aeq.
806 3369 882 3419 1443
900 3383 921 3419 s.
942 3367 1062 3420 lX-X.

287 3457 324 3510 M
339 3481 373 3503 =
393 3455 452 3511 cod.
471 3455 653 3510 Monacensis
673 3457 754 3508 6266
771 3471 792 3507 s.
812 3455 850 3510 X.

288 3545 317 3599 F
338 3569 373 3590 =
393 3544 451 3599 cod.
472 3543 694 3613 Salisbarpcncic
712 3544 743 3596 X
761 3545 802 3596 29
819 3559 840 3595 s.
860 3543 981 3596 X—XI.

287 3635 313 3686 A
338 3658 373 3679 =
392 3631 779 3699 connumerationem
800 3633 845 3690 76,
867 3633 892 3684 8.
916 3633 933 3683 9
950 3647 972 3684 s.
992 3631 1113 3684 X-XI.

287 3721 324 3775 P¹
340 3746 376 3768 =
394 3721 454 3776 cod.
473 3721 625 3775 Parisinus
642 3737 708 3775 nou.
729 3736 788 3788 aeq.
808 3723 885 3773 1444
903 3736 924 3774 s.
945 3721 999 3774 XI.

288 3811 314 3865 R
338 3834 374 3857 =
392 3810 451 3865 eorl.
471 3809 546 3864 Mus.
565 3810 639 3863 Brit.
658 3809 724 3879 Rep.
747 3809 813 3862 51)
837 3809 880 3862 VI
895 3825 916 3862 s.
937 3809 1093 3862 XI-XH.

166 3935 182 3989 8
199 3935 338 3996 indicauit,
353 3949 423 3988 corr.
438 3931 543 4002 (m.1?)
563 3932 697 3987 indicabit
714 3933 741 3985 P
812 3932 829 3985 9
847 3933 925 4002 milri]
944 3931 997 3986 tibi
1015 3932 1064 3986 sed
1081 3936 1146 3988 aa]
1165 3932 1217 3988 del.
1237 3931 1273 3984 1’1

136 4027 163 4078 ll
172 4024 328 4078 notmarin
336 4023 428 4090 fincte.
438 4037 490 4076 om.
500 4021 538 4074 P¹
585 4023 618 4075 13
632 4020 824 4092 designaretis
868 4022 901 4075 15
917 4021 1054 4075 arantibus
1064 4020 1221 4077 MFAP¹R
1232 4039 1276 4075 ac

166 4113 246 4167 militi
264 4111 342 4166 codd.
361 4127 393 4175 α,·
412 4109 446 4177 cf.
461 4128 491 4179 p.
511 4113 575 4172 125,
595 4113 645 4176 18;
663 4114 698 4164 21
704 4130 714 4177 ;
731 4114 791 4171 131,
811 4113 847 4162 18
972 4110 1144 4180 praeestluel
1165 4114 1275 4178 (parua

136 4208 198 4268 roc)
216 4202 244 4255 P
332 4201 365 4253 17
386 4198 523 4254 ducendas
540 4200 569 4252 A
657 4203 787 4268 uastsgss
806 4198 834 4251 P
923 4199 1025 4268 aliquid
1044 4199 1081 4252 Μ
1099 4199 1145 4252 alii
1164 4215 1231 4268 quos
1250 4199 1277 4252 P

136 4292 169 4346 26
185 4289 283 4361 quihus
300 4304 407 4343 necesse
427 4291 468 4342 est
487 4304 538 4342 om.
558 4285 794 4356 MFAP¹Racf
844 4288 876 4342 21
898 4304 946 4358 per
965 4304 1010 4342 eos
1024 4287 1122 4356 firm
1196 4287 1274 4355 mihil

138 4379 198 4432 nrihi
217 4383 311 4432 autem
329 4377 339 4429 l
346 4394 397 4430 rm
