<?xml version="1.0" encoding="UTF-8"?>
<!DOCTYPE html PUBLIC "-//W3C//DTD XHTML 1.0 Transitional//EN"
    "http://www.w3.org/TR/xhtml1/DTD/xhtml1-transitional.dtd">
<html xmlns="http://www.w3.org/1999/xhtml" xml:lang="en" lang="en">
 <head>
  <title>
</title>
<meta http-equiv="Content-Type" content="text/html;charset=utf-8" />
  <meta name='ocr-system' content='tesseract 3.04.00' />
  <meta name='ocr-capabilities' content='ocr_page ocr_carea ocr_par ocr_line ocrx_word'/>
</head>
<body>
  <div class='ocr_page' id='page_1' title='image "./corpusscriptoru06wissgoog_0633.png"; bbox 0 0 3092 5217; ppageno 0'>
   <div class='ocr_carea' id='block_1_1' title="bbox 459 500 1276 570">
    <p class='ocr_par' dir='ltr' id='par_1_1' title="bbox 459 500 1276 570">
     <span class='ocr_line' id='line_1_1' title="bbox 459 500 1276 570; baseline 0.011 -18"><span class='ocrx_word' id='word_1_1' title='bbox 459 501 724 570; x_wconf 81' lang='lat' dir='ltr'><strong>epistularum</strong></span> <span class='ocrx_word' id='word_1_2' title='bbox 752 500 835 557; x_wconf 87' lang='lat' dir='ltr'><strong>cvn.</strong></span> <span class='ocrx_word' id='word_1_3' title='bbox 862 500 958 557; x_wconf 84' lang='lat' dir='ltr'>CVIII.</span> <span class='ocrx_word' id='word_1_4' title='bbox 1212 506 1276 569; x_wconf 89' lang='grc'><strong>613</strong></span> 
     </span>
    </p>
   </div>
   <div class='ocr_carea' id='block_1_2' title="bbox 67 695 1279 3446">
    <p class='ocr_par' dir='ltr' id='par_1_2' title="bbox 123 695 1277 1103">
     <span class='ocr_line' id='line_1_2' title="bbox 124 695 1277 781; baseline 0.003 -22"><span class='ocrx_word' id='word_1_5' title='bbox 124 695 283 761; x_wconf 83' lang='lat' dir='ltr'><strong>‘ueritatis</strong></span> <span class='ocrx_word' id='word_1_6' title='bbox 302 695 436 775; x_wconf 81' lang='lat' dir='ltr'>adulter,</span> <span class='ocrx_word' id='word_1_7' title='bbox 461 698 572 761; x_wconf 86' lang='lat' dir='ltr'><strong>catena</strong></span> <span class='ocrx_word' id='word_1_8' title='bbox 595 696 778 781; x_wconf 84' lang='lat' dir='ltr'><strong>sacrilegii‘,</strong></span> <span class='ocrx_word' id='word_1_9' title='bbox 803 696 888 761; x_wconf 90' lang='lat' dir='ltr'><strong>sicut</strong></span> <span class='ocrx_word' id='word_1_10' title='bbox 906 696 1033 762; x_wconf 88' lang='lat' dir='ltr'><strong>concilii</strong></span> <span class='ocrx_word' id='word_1_11' title='bbox 1059 698 1157 763; x_wconf 88' lang='lat' dir='ltr'><strong>uestri</strong></span> <span class='ocrx_word' id='word_1_12' title='bbox 1179 700 1277 763; x_wconf 88' lang='lat' dir='ltr'><strong>uerba</strong></span> 
     </span>
     <span class='ocr_line' id='line_1_3' title="bbox 123 802 1275 883; baseline 0.002 -16"><span class='ocrx_word' id='word_1_13' title='bbox 123 803 276 881; x_wconf 84' lang='lat' dir='ltr'><strong>indicant,</strong></span> <span class='ocrx_word' id='word_1_14' title='bbox 313 804 512 877; x_wconf 77' lang='lat' dir='ltr'><strong>trahebatur3</strong></span> <span class='ocrx_word' id='word_1_15' title='bbox 551 802 579 867; x_wconf 90' lang='lat' dir='ltr'><strong>si</strong></span> <span class='ocrx_word' id='word_1_16' title='bbox 616 821 725 868; x_wconf 85' lang='lat' dir='ltr'><strong>secum</strong></span> <span class='ocrx_word' id='word_1_17' title='bbox 763 803 939 868; x_wconf 81' lang='lat' dir='ltr'><strong>abstulerat</strong></span> <span class='ocrx_word' id='word_1_18' title='bbox 970 804 1089 870; x_wconf 88' lang='lat' dir='ltr'><strong>fontem</strong></span> <span class='ocrx_word' id='word_1_19' title='bbox 1122 808 1275 883; x_wconf 89' lang='lat' dir='ltr'><strong>uestrum,</strong></span> 
     </span>
     <span class='ocr_line' id='line_1_4' title="bbox 125 910 1277 996; baseline 0.001 -21"><span class='ocrx_word' id='word_1_20' title='bbox 125 910 198 993; x_wconf 90' lang='lat' dir='ltr'><strong>quis</strong></span> <span class='ocrx_word' id='word_1_21' title='bbox 227 914 295 975; x_wconf 88' lang='lat' dir='ltr'><strong>erat</strong></span> <span class='ocrx_word' id='word_1_22' title='bbox 325 910 406 989; x_wconf 93' lang='lat' dir='ltr'><strong>fons,</strong></span> <span class='ocrx_word' id='word_1_23' title='bbox 429 910 460 975; x_wconf 92' lang='lat' dir='ltr'><strong>in</strong></span> <span class='ocrx_word' id='word_1_24' title='bbox 490 929 553 993; x_wconf 93' lang='lat' dir='ltr'><strong>quo</strong></span> <span class='ocrx_word' id='word_1_25' title='bbox 586 910 643 975; x_wconf 87' lang='lat' dir='ltr'><strong>illo</strong></span> <span class='ocrx_word' id='word_1_26' title='bbox 676 912 820 993; x_wconf 86' lang='lat' dir='ltr'><strong>separato</strong></span> <span class='ocrx_word' id='word_1_27' title='bbox 849 914 974 977; x_wconf 86' lang='lat' dir='ltr'><strong>uestros</strong></span> <span class='ocrx_word' id='word_1_28' title='bbox 1007 911 1217 996; x_wconf 84' lang='lat' dir='ltr'><strong>baptizastis?</strong></span> <span class='ocrx_word' id='word_1_29' title='bbox 1249 913 1277 977; x_wconf 91' lang='lat' dir='ltr'><strong>si</strong></span> 
     </span>
     <span class='ocr_line' id='line_1_5' title="bbox 125 1016 1277 1103; baseline 0.003 -22"><span class='ocrx_word' id='word_1_30' title='bbox 125 1020 233 1081; x_wconf 89' lang='lat' dir='ltr'><strong>autem</strong></span> <span class='ocrx_word' id='word_1_31' title='bbox 252 1016 284 1081; x_wconf 93' lang='lat' dir='ltr'><strong>iu</strong></span> <span class='ocrx_word' id='word_1_32' title='bbox 305 1018 408 1082; x_wconf 74' lang='lat' dir='ltr'><strong>aheno</strong></span> <span class='ocrx_word' id='word_1_33' title='bbox 426 1017 514 1082; x_wconf 83' lang='lat' dir='ltr'><strong>fonte</strong></span> <span class='ocrx_word' id='word_1_34' title='bbox 532 1018 760 1101; x_wconf 85' lang='lat' dir='ltr'><strong>baptinauerat,</strong></span> <span class='ocrx_word' id='word_1_35' title='bbox 784 1036 880 1100; x_wconf 86' lang='lat' dir='ltr'><strong>quare</strong></span> <span class='ocrx_word' id='word_1_36' title='bbox 899 1020 973 1101; x_wconf 90' lang='lat' dir='ltr'><strong>post</strong></span> <span class='ocrx_word' id='word_1_37' title='bbox 992 1037 1064 1083; x_wconf 91' lang='lat' dir='ltr'><strong>eum</strong></span> <span class='ocrx_word' id='word_1_38' title='bbox 1084 1038 1143 1083; x_wconf 95' lang='lat' dir='ltr'><strong>uon</strong></span> <span class='ocrx_word' id='word_1_39' title='bbox 1168 1019 1277 1103; x_wconf 89' lang='lat' dir='ltr'><strong>rebap-</strong></span> 
     </span>
    </p>

    <p class='ocr_par' dir='ltr' id='par_1_3' title="bbox 95 1123 1276 1297">
     <span class='ocr_line' id='line_1_6' title="bbox 95 1123 1276 1208; baseline 0.003 -21"><span class='ocrx_word' id='word_1_40' title='bbox 95 1148 108 1187; x_wconf 78' lang='lat' dir='ltr'><strong>s</strong></span> <span class='ocrx_word' id='word_1_41' title='bbox 124 1123 274 1189; x_wconf 82' lang='lat' dir='ltr'><strong>tizastis?</strong></span> <span class='ocrx_word' id='word_1_42' title='bbox 293 1124 391 1189; x_wconf 93' lang='lat' dir='ltr'><strong>simul</strong></span> <span class='ocrx_word' id='word_1_43' title='bbox 406 1125 489 1188; x_wconf 88' lang='lat' dir='ltr'><strong>cuim</strong></span> <span class='ocrx_word' id='word_1_44' title='bbox 510 1142 593 1190; x_wconf 90' lang='lat' dir='ltr'><strong>nuno</strong></span> <span class='ocrx_word' id='word_1_45' title='bbox 610 1127 720 1189; x_wconf 65' lang='lat' dir='ltr'><strong>uester</strong></span> <span class='ocrx_word' id='word_1_46' title='bbox 735 1124 906 1208; x_wconf 84' lang='lat' dir='ltr'><strong>episcopus</strong></span> <span class='ocrx_word' id='word_1_47' title='bbox 927 1124 1016 1189; x_wconf 89' lang='lat' dir='ltr'><strong>sedet</strong></span> <span class='ocrx_word' id='word_1_48' title='bbox 1030 1144 1102 1189; x_wconf 91' lang='lat' dir='ltr'><strong>oum</strong></span> <span class='ocrx_word' id='word_1_49' title='bbox 1117 1124 1276 1191; x_wconf 88' lang='lat' dir='ltr'><strong>Primiano</strong></span> 
     </span>
     <span class='ocr_line' id='line_1_7' title="bbox 125 1230 732 1297; baseline 0.005 -3"><span class='ocrx_word' id='word_1_50' title='bbox 125 1248 202 1295; x_wconf 87' lang='lat' dir='ltr'><strong>ase</strong></span> <span class='ocrx_word' id='word_1_51' title='bbox 227 1230 375 1297; x_wconf 86' lang='lat' dir='ltr'><strong>damnato</strong></span> <span class='ocrx_word' id='word_1_52' title='bbox 399 1235 432 1295; x_wconf 89' lang='lat' dir='ltr'><strong>et</strong></span> <span class='ocrx_word' id='word_1_53' title='bbox 456 1231 638 1297; x_wconf 78' lang='lat' dir='ltr'><strong>damnatore</strong></span> <span class='ocrx_word' id='word_1_54' title='bbox 662 1251 732 1297; x_wconf 91' lang='lat' dir='ltr'><strong>suo.</strong></span> 
     </span>
    </p>

    <p class='ocr_par' dir='ltr' id='par_1_4' title="bbox 67 1331 1277 1634">
     <span class='ocr_line' id='line_1_8' title="bbox 67 1331 1276 1421; baseline 0.001 -18"><span class='ocrx_word' id='word_1_55' title='bbox 67 1331 83 1391; x_wconf 70' lang='lat'><strong>2</strong></span> <span class='ocrx_word' id='word_1_56' title='bbox 171 1336 236 1403; x_wconf 88' lang='lat' dir='ltr'><strong>Sed</strong></span> <span class='ocrx_word' id='word_1_57' title='bbox 263 1337 350 1403; x_wconf 89' lang='lat' dir='ltr'><strong>sicut</strong></span> <span class='ocrx_word' id='word_1_58' title='bbox 377 1337 455 1401; x_wconf 86' lang='lat' dir='ltr'><strong>mihi</strong></span> <span class='ocrx_word' id='word_1_59' title='bbox 483 1336 551 1402; x_wconf 88' lang='lat' dir='ltr'><strong>suis</strong></span> <span class='ocrx_word' id='word_1_60' title='bbox 579 1337 697 1403; x_wconf 93' lang='lat' dir='ltr'><strong>litteris</strong></span> <span class='ocrx_word' id='word_1_61' title='bbox 725 1337 913 1403; x_wconf 85' lang='lat' dir='ltr'><strong>intimarunt</strong></span> <span class='ocrx_word' id='word_1_62' title='bbox 939 1337 1050 1417; x_wconf 82' lang='lat' dir='ltr'><strong>nostri,</strong></span> <span class='ocrx_word' id='word_1_63' title='bbox 1080 1339 1135 1421; x_wconf 90' lang='lat' dir='ltr'><strong>qui</strong></span> <span class='ocrx_word' id='word_1_64' title='bbox 1162 1340 1194 1403; x_wconf 95' lang='lat' dir='ltr'><strong>in</strong></span> <span class='ocrx_word' id='word_1_65' title='bbox 1218 1340 1276 1404; x_wconf 88' lang='lat' dir='ltr'><strong>hac</strong></span> 
     </span>
     <span class='ocr_line' id='line_1_9' title="bbox 126 1443 1277 1528; baseline 0.003 -21"><span class='ocrx_word' id='word_1_66' title='bbox 126 1462 225 1508; x_wconf 87' lang='lat' dir='ltr'><strong>eausa</strong></span> <span class='ocrx_word' id='word_1_67' title='bbox 246 1446 280 1509; x_wconf 91' lang='lat' dir='ltr'><strong>te</strong></span> <span class='ocrx_word' id='word_1_68' title='bbox 299 1444 459 1521; x_wconf 87' lang='lat' dir='ltr'><strong>uiderunt,</strong></span> <span class='ocrx_word' id='word_1_69' title='bbox 480 1462 553 1510; x_wconf 91' lang='lat' dir='ltr'><strong>cum</strong></span> <span class='ocrx_word' id='word_1_70' title='bbox 577 1448 772 1526; x_wconf 78' lang='lat' dir='ltr'><strong>quaererent,</strong></span> <span class='ocrx_word' id='word_1_71' title='bbox 798 1443 874 1527; x_wconf 89' lang='lat' dir='ltr'><strong>quid</strong></span> <span class='ocrx_word' id='word_1_72' title='bbox 897 1444 970 1510; x_wconf 91' lang='lat' dir='ltr'><strong>hinc</strong></span> <span class='ocrx_word' id='word_1_73' title='bbox 995 1444 1126 1523; x_wconf 90' lang='lat' dir='ltr'><strong>diceres,</strong></span> <span class='ocrx_word' id='word_1_74' title='bbox 1148 1464 1277 1528; x_wconf 89' lang='lat' dir='ltr'><strong>respon·</strong></span> 
     </span>
     <span class='ocr_line' id='line_1_10' title="bbox 126 1550 1275 1634; baseline 0.003 -20"><span class='ocrx_word' id='word_1_75' title='bbox 126 1550 205 1615; x_wconf 89' lang='lat' dir='ltr'><strong>disti</strong></span> <span class='ocrx_word' id='word_1_76' title='bbox 224 1555 256 1614; x_wconf 86' lang='lat' dir='ltr'><strong>te</strong></span> <span class='ocrx_word' id='word_1_77' title='bbox 279 1568 379 1634; x_wconf 86' lang='lat' dir='ltr'><strong>nuper</strong></span> <span class='ocrx_word' id='word_1_78' title='bbox 402 1551 581 1616; x_wconf 86' lang='lat' dir='ltr'><strong>ordinatum</strong></span> <span class='ocrx_word' id='word_1_79' title='bbox 604 1552 762 1616; x_wconf 87' lang='lat' dir='ltr'><strong>factorum</strong></span> <span class='ocrx_word' id='word_1_80' title='bbox 785 1550 884 1633; x_wconf 87' lang='lat' dir='ltr'><strong>patris</strong></span> <span class='ocrx_word' id='word_1_81' title='bbox 901 1552 951 1616; x_wconf 89' lang='lat' dir='ltr'><strong>tui</strong></span> <span class='ocrx_word' id='word_1_82' title='bbox 968 1550 1105 1617; x_wconf 89' lang='lat' dir='ltr'><strong>iudicem</strong></span> <span class='ocrx_word' id='word_1_83' title='bbox 1126 1570 1275 1618; x_wconf 90' lang='lat' dir='ltr'><strong>essenon</strong></span> 
     </span>
    </p>

    <p class='ocr_par' dir='ltr' id='par_1_5' title="bbox 84 1650 1278 2167">
     <span class='ocr_line' id='line_1_11' title="bbox 84 1650 1276 1742; baseline 0.001 -22"><span class='ocrx_word' id='word_1_84' title='bbox 84 1685 108 1722; x_wconf 83' lang='lat' dir='ltr'><strong>u</strong></span> <span class='ocrx_word' id='word_1_85' title='bbox 125 1676 233 1741; x_wconf 88' lang='lat' dir='ltr'><strong>posse,</strong></span> <span class='ocrx_word' id='word_1_86' title='bbox 260 1658 372 1723; x_wconf 90' lang='lat' dir='ltr'><strong>sedin</strong></span> <span class='ocrx_word' id='word_1_87' title='bbox 396 1676 444 1737; x_wconf 89' lang='lat' dir='ltr'><strong>eo,</strong></span> <span class='ocrx_word' id='word_1_88' title='bbox 469 1658 553 1741; x_wconf 90' lang='lat' dir='ltr'><strong>quod</strong></span> <span class='ocrx_word' id='word_1_89' title='bbox 577 1678 595 1722; x_wconf 90' lang='lat' dir='ltr'><strong>a</strong></span> <span class='ocrx_word' id='word_1_90' title='bbox 617 1657 776 1742; x_wconf 79' lang='lat' dir='ltr'><strong>prioribus</strong></span> <span class='ocrx_word' id='word_1_91' title='bbox 799 1658 865 1723; x_wconf 91' lang='lat' dir='ltr'><strong>tuis</strong></span> <span class='ocrx_word' id='word_1_92' title='bbox 889 1658 1058 1742; x_wconf 86' lang='lat' dir='ltr'><strong>acceperis,</strong></span> <span class='ocrx_word' id='word_1_93' title='bbox 1087 1650 1276 1742; x_wconf 85' lang='lat' dir='ltr'><strong>permanere.</strong></span> 
     </span>
     <span class='ocr_line' id='line_1_12' title="bbox 126 1762 1278 1842; baseline 0 -15"><span class='ocrx_word' id='word_1_94' title='bbox 126 1764 202 1829; x_wconf 89' lang='lat' dir='ltr'><strong>hinc</strong></span> <span class='ocrx_word' id='word_1_95' title='bbox 230 1781 305 1827; x_wconf 90' lang='lat' dir='ltr'><strong>saue</strong></span> <span class='ocrx_word' id='word_1_96' title='bbox 328 1762 418 1829; x_wconf 92' lang='lat' dir='ltr'><strong>dolui</strong></span> <span class='ocrx_word' id='word_1_97' title='bbox 445 1763 668 1829; x_wconf 86' lang='lat' dir='ltr'><strong>necessitatem</strong></span> <span class='ocrx_word' id='word_1_98' title='bbox 695 1766 796 1842; x_wconf 88' lang='lat' dir='ltr'><strong>tuam,</strong></span> <span class='ocrx_word' id='word_1_99' title='bbox 826 1782 899 1829; x_wconf 90' lang='lat' dir='ltr'><strong>cum</strong></span> <span class='ocrx_word' id='word_1_100' title='bbox 922 1766 954 1829; x_wconf 90' lang='lat' dir='ltr'><strong>te</strong></span> <span class='ocrx_word' id='word_1_101' title='bbox 978 1764 1165 1841; x_wconf 81' lang='lat' dir='ltr'><strong>existimem,</strong></span> <span class='ocrx_word' id='word_1_102' title='bbox 1194 1764 1278 1829; x_wconf 88' lang='lat' dir='ltr'><strong>sicut</strong></span> 
     </span>
     <span class='ocr_line' id='line_1_13' title="bbox 127 1869 1277 1954; baseline -0.001 -19"><span class='ocrx_word' id='word_1_103' title='bbox 127 1869 235 1949; x_wconf 86' lang='lat' dir='ltr'><strong>audio,</strong></span> <span class='ocrx_word' id='word_1_104' title='bbox 262 1871 363 1936; x_wconf 87' lang='lat' dir='ltr'><strong>bonae</strong></span> <span class='ocrx_word' id='word_1_105' title='bbox 390 1869 506 1935; x_wconf 89' lang='lat' dir='ltr'><strong>indolis</strong></span> <span class='ocrx_word' id='word_1_106' title='bbox 533 1869 693 1935; x_wconf 83' lang='lat' dir='ltr'><strong>iuuenem.</strong></span> <span class='ocrx_word' id='word_1_107' title='bbox 722 1870 798 1954; x_wconf 87' lang='lat' dir='ltr'><strong>quid</strong></span> <span class='ocrx_word' id='word_1_108' title='bbox 822 1870 906 1935; x_wconf 91' lang='lat' dir='ltr'><strong>enim</strong></span> <span class='ocrx_word' id='word_1_109' title='bbox 930 1874 962 1935; x_wconf 85' lang='lat' dir='ltr'><strong>te</strong></span> <span class='ocrx_word' id='word_1_110' title='bbox 986 1870 1025 1935; x_wconf 87' lang='lat' dir='ltr'><strong>ad</strong></span> <span class='ocrx_word' id='word_1_111' title='bbox 1049 1870 1128 1937; x_wconf 88' lang='lat' dir='ltr'><strong>hanc</strong></span> <span class='ocrx_word' id='word_1_112' title='bbox 1150 1888 1277 1953; x_wconf 89' lang='lat' dir='ltr'><strong>respon-</strong></span> 
     </span>
     <span class='ocr_line' id='line_1_14' title="bbox 128 1976 1276 2061; baseline 0 -20"><span class='ocrx_word' id='word_1_113' title='bbox 128 1977 253 2041; x_wconf 86' lang='lat' dir='ltr'><strong>sionem</strong></span> <span class='ocrx_word' id='word_1_114' title='bbox 280 1976 343 2041; x_wconf 91' lang='lat' dir='ltr'><strong>uisi</strong></span> <span class='ocrx_word' id='word_1_115' title='bbox 370 1976 473 2041; x_wconf 89' lang='lat' dir='ltr'><strong>malae</strong></span> <span class='ocrx_word' id='word_1_116' title='bbox 498 1994 612 2041; x_wconf 85' lang='lat' dir='ltr'><strong>causae</strong></span> <span class='ocrx_word' id='word_1_117' title='bbox 640 1977 815 2043; x_wconf 77' lang='lat' dir='ltr'><strong>necessitas</strong></span> <span class='ocrx_word' id='word_1_118' title='bbox 839 1978 947 2061; x_wconf 79' lang='lat' dir='ltr'><strong>cogit?</strong></span> <span class='ocrx_word' id='word_1_119' title='bbox 976 1976 1031 2041; x_wconf 92' lang='lat' dir='ltr'><strong>sed</strong></span> <span class='ocrx_word' id='word_1_120' title='bbox 1060 1978 1088 2041; x_wconf 93' lang='lat' dir='ltr'><strong>si</strong></span> <span class='ocrx_word' id='word_1_121' title='bbox 1116 1977 1276 2050; x_wconf 79' lang='lat' dir='ltr'><strong>adtendas,</strong></span> 
     </span>
     <span class='ocr_line' id='line_1_15' title="bbox 128 2082 1278 2167; baseline 0.001 -21"><span class='ocrx_word' id='word_1_122' title='bbox 128 2083 174 2147; x_wconf 93' lang='lat' dir='ltr'><strong>mi</strong></span> <span class='ocrx_word' id='word_1_123' title='bbox 200 2084 309 2160; x_wconf 86' lang='lat' dir='ltr'><strong>frater,</strong></span> <span class='ocrx_word' id='word_1_124' title='bbox 338 2083 366 2149; x_wconf 88' lang='lat' dir='ltr'><strong>si</strong></span> <span class='ocrx_word' id='word_1_125' title='bbox 393 2086 479 2148; x_wconf 86' lang='lat' dir='ltr'><strong>recte</strong></span> <span class='ocrx_word' id='word_1_126' title='bbox 509 2083 641 2167; x_wconf 83' lang='lat' dir='ltr'><strong>cogites,</strong></span> <span class='ocrx_word' id='word_1_127' title='bbox 670 2084 698 2147; x_wconf 92' lang='lat' dir='ltr'><strong>si</strong></span> <span class='ocrx_word' id='word_1_128' title='bbox 726 2082 819 2148; x_wconf 91' lang='lat' dir='ltr'><strong>deum</strong></span> <span class='ocrx_word' id='word_1_129' title='bbox 849 2084 973 2163; x_wconf 90' lang='lat' dir='ltr'><strong>timeas,</strong></span> <span class='ocrx_word' id='word_1_130' title='bbox 1005 2086 1037 2149; x_wconf 94' lang='lat' dir='ltr'><strong>in</strong></span> <span class='ocrx_word' id='word_1_131' title='bbox 1066 2086 1150 2149; x_wconf 85' lang='lat' dir='ltr'><strong>mala</strong></span> <span class='ocrx_word' id='word_1_132' title='bbox 1182 2102 1278 2149; x_wconf 89' lang='lat' dir='ltr'><strong>causa</strong></span> 
     </span>
    </p>

    <p class='ocr_par' dir='ltr' id='par_1_6' title="bbox 87 2188 1279 2699">
     <span class='ocr_line' id='line_1_16' title="bbox 87 2188 1279 2274; baseline 0.003 -23"><span class='ocrx_word' id='word_1_133' title='bbox 87 2216 110 2251; x_wconf 77' lang='lat' dir='ltr'><strong>n</strong></span> <span class='ocrx_word' id='word_1_134' title='bbox 129 2208 331 2274; x_wconf 89' lang='lat' dir='ltr'><strong>perseuerare</strong></span> <span class='ocrx_word' id='word_1_135' title='bbox 364 2190 453 2254; x_wconf 87' lang='lat' dir='ltr'><strong>nulla</strong></span> <span class='ocrx_word' id='word_1_136' title='bbox 480 2189 654 2255; x_wconf 85' lang='lat' dir='ltr'><strong>necessitas</strong></span> <span class='ocrx_word' id='word_1_137' title='bbox 683 2188 781 2272; x_wconf 81' lang='lat' dir='ltr'><strong>cogit.</strong></span> <span class='ocrx_word' id='word_1_138' title='bbox 814 2188 891 2253; x_wconf 89' lang='lat' dir='ltr'><strong>haec</strong></span> <span class='ocrx_word' id='word_1_139' title='bbox 921 2190 1004 2253; x_wconf 91' lang='lat' dir='ltr'><strong>enim</strong></span> <span class='ocrx_word' id='word_1_140' title='bbox 1033 2190 1195 2273; x_wconf 89' lang='lat' dir='ltr'><strong>responsio</strong></span> <span class='ocrx_word' id='word_1_141' title='bbox 1223 2192 1279 2254; x_wconf 85' lang='lat' dir='ltr'><strong>tua</strong></span> 
     </span>
     <span class='ocr_line' id='line_1_17' title="bbox 129 2294 1278 2379; baseline 0 -18"><span class='ocrx_word' id='word_1_142' title='bbox 129 2314 190 2361; x_wconf 90' lang='lat' dir='ltr'><strong>non</strong></span> <span class='ocrx_word' id='word_1_143' title='bbox 220 2295 439 2378; x_wconf 89' lang='lat' dir='ltr'><strong>quaestionem</strong></span> <span class='ocrx_word' id='word_1_144' title='bbox 465 2295 526 2359; x_wconf 88' lang='lat' dir='ltr'><strong>tibi</strong></span> <span class='ocrx_word' id='word_1_145' title='bbox 560 2314 579 2359; x_wconf 89' lang='lat' dir='ltr'><strong>a</strong></span> <span class='ocrx_word' id='word_1_146' title='bbox 609 2313 662 2359; x_wconf 89' lang='lat' dir='ltr'><strong>me</strong></span> <span class='ocrx_word' id='word_1_147' title='bbox 694 2294 890 2379; x_wconf 88' lang='lat' dir='ltr'><strong>propositam</strong></span> <span class='ocrx_word' id='word_1_148' title='bbox 923 2295 1031 2373; x_wconf 91' lang='lat' dir='ltr'><strong>soluit,</strong></span> <span class='ocrx_word' id='word_1_149' title='bbox 1064 2297 1121 2362; x_wconf 90' lang='lat' dir='ltr'><strong>sed</strong></span> <span class='ocrx_word' id='word_1_150' title='bbox 1149 2314 1278 2361; x_wconf 90' lang='lat' dir='ltr'><strong>causam</strong></span> 
     </span>
     <span class='ocr_line' id='line_1_18' title="bbox 130 2401 1278 2468; baseline 0 -1"><span class='ocrx_word' id='word_1_151' title='bbox 130 2406 273 2468; x_wconf 90' lang='lat' dir='ltr'><strong>nostram</strong></span> <span class='ocrx_word' id='word_1_152' title='bbox 296 2402 335 2467; x_wconf 88' lang='lat' dir='ltr'><strong>ab</strong></span> <span class='ocrx_word' id='word_1_153' title='bbox 359 2402 445 2467; x_wconf 92' lang='lat' dir='ltr'><strong>omui</strong></span> <span class='ocrx_word' id='word_1_154' title='bbox 469 2401 629 2466; x_wconf 89' lang='lat' dir='ltr'><strong>calumnia</strong></span> <span class='ocrx_word' id='word_1_155' title='bbox 651 2405 778 2466; x_wconf 84' lang='lat' dir='ltr'><strong>uestrae</strong></span> <span class='ocrx_word' id='word_1_156' title='bbox 802 2401 996 2467; x_wconf 83' lang='lat' dir='ltr'><strong>causationis</strong></span> <span class='ocrx_word' id='word_1_157' title='bbox 1021 2402 1169 2467; x_wconf 86' lang='lat' dir='ltr'><strong>absoluit.</strong></span> <span class='ocrx_word' id='word_1_158' title='bbox 1199 2402 1278 2467; x_wconf 91' lang='lat' dir='ltr'><strong>dicis</strong></span> 
     </span>
     <span class='ocr_line' id='line_1_19' title="bbox 131 2508 1278 2592; baseline -0.001 -18"><span class='ocrx_word' id='word_1_159' title='bbox 131 2509 215 2574; x_wconf 92' lang='lat' dir='ltr'><strong>enim</strong></span> <span class='ocrx_word' id='word_1_160' title='bbox 243 2514 277 2573; x_wconf 87' lang='lat' dir='ltr'><strong>te</strong></span> <span class='ocrx_word' id='word_1_161' title='bbox 309 2528 409 2592; x_wconf 88' lang='lat' dir='ltr'><strong>nuper</strong></span> <span class='ocrx_word' id='word_1_162' title='bbox 435 2508 615 2574; x_wconf 88' lang='lat' dir='ltr'><strong>ordinatum</strong></span> <span class='ocrx_word' id='word_1_163' title='bbox 646 2508 803 2573; x_wconf 83' lang='lat' dir='ltr'><strong>factorum</strong></span> <span class='ocrx_word' id='word_1_164' title='bbox 835 2510 934 2591; x_wconf 86' lang='lat' dir='ltr'><strong>patris</strong></span> <span class='ocrx_word' id='word_1_165' title='bbox 961 2508 1010 2575; x_wconf 89' lang='lat' dir='ltr'><strong>tui</strong></span> <span class='ocrx_word' id='word_1_166' title='bbox 1041 2508 1180 2573; x_wconf 89' lang='lat' dir='ltr'><strong>iudicem</strong></span> <span class='ocrx_word' id='word_1_167' title='bbox 1207 2527 1278 2574; x_wconf 90' lang='lat' dir='ltr'><strong>esse</strong></span> 
     </span>
     <span class='ocr_line' id='line_1_20' title="bbox 131 2614 1278 2699; baseline 0 -20"><span class='ocrx_word' id='word_1_168' title='bbox 131 2634 192 2680; x_wconf 94' lang='lat' dir='ltr'><strong>non</strong></span> <span class='ocrx_word' id='word_1_169' title='bbox 220 2634 326 2699; x_wconf 85' lang='lat' dir='ltr'><strong>posse,</strong></span> <span class='ocrx_word' id='word_1_170' title='bbox 360 2614 416 2681; x_wconf 87' lang='lat' dir='ltr'><strong>scd</strong></span> <span class='ocrx_word' id='word_1_171' title='bbox 448 2615 480 2679; x_wconf 93' lang='lat' dir='ltr'><strong>in</strong></span> <span class='ocrx_word' id='word_1_172' title='bbox 509 2634 557 2694; x_wconf 87' lang='lat' dir='ltr'><strong>co,</strong></span> <span class='ocrx_word' id='word_1_173' title='bbox 591 2614 675 2697; x_wconf 92' lang='lat' dir='ltr'><strong>quod</strong></span> <span class='ocrx_word' id='word_1_174' title='bbox 703 2634 722 2678; x_wconf 89' lang='lat' dir='ltr'><strong>a</strong></span> <span class='ocrx_word' id='word_1_175' title='bbox 748 2614 907 2697; x_wconf 89' lang='lat' dir='ltr'><strong>prioribus</strong></span> <span class='ocrx_word' id='word_1_176' title='bbox 931 2614 996 2681; x_wconf 88' lang='lat' dir='ltr'><strong>tuis</strong></span> <span class='ocrx_word' id='word_1_177' title='bbox 1020 2615 1188 2698; x_wconf 87' lang='lat' dir='ltr'><strong>acceperis,</strong></span> <span class='ocrx_word' id='word_1_178' title='bbox 1211 2634 1278 2698; x_wconf 88' lang='lat' dir='ltr'><strong>per·</strong></span> 
     </span>
    </p>

    <p class='ocr_par' dir='ltr' id='par_1_7' title="bbox 88 2720 1279 3446">
     <span class='ocr_line' id='line_1_21' title="bbox 88 2720 1279 2805; baseline -0.003 -17"><span class='ocrx_word' id='word_1_179' title='bbox 88 2750 113 2788; x_wconf 73' lang='lat' dir='ltr'><strong>so</strong></span> <span class='ocrx_word' id='word_1_180' title='bbox 131 2740 270 2786; x_wconf 85' lang='lat' dir='ltr'><strong>manere.</strong></span> <span class='ocrx_word' id='word_1_181' title='bbox 293 2740 348 2785; x_wconf 91' lang='lat' dir='ltr'><strong>cur</strong></span> <span class='ocrx_word' id='word_1_182' title='bbox 365 2740 439 2805; x_wconf 85' lang='lat' dir='ltr'><strong>ergo</strong></span> <span class='ocrx_word' id='word_1_183' title='bbox 462 2740 525 2786; x_wconf 93' lang='lat' dir='ltr'><strong>uon</strong></span> <span class='ocrx_word' id='word_1_184' title='bbox 547 2722 656 2805; x_wconf 89' lang='lat' dir='ltr'><strong>potius</strong></span> <span class='ocrx_word' id='word_1_185' title='bbox 679 2721 711 2784; x_wconf 92' lang='lat' dir='ltr'><strong>in</strong></span> <span class='ocrx_word' id='word_1_186' title='bbox 733 2720 878 2799; x_wconf 88' lang='lat' dir='ltr'><strong>eeclesia,</strong></span> <span class='ocrx_word' id='word_1_187' title='bbox 903 2740 998 2803; x_wconf 87' lang='lat' dir='ltr'><strong>quam</strong></span> <span class='ocrx_word' id='word_1_188' title='bbox 1021 2720 1178 2804; x_wconf 86' lang='lat' dir='ltr'><strong>scriptura</strong></span> <span class='ocrx_word' id='word_1_189' title='bbox 1196 2724 1279 2786; x_wconf 84' lang='lat' dir='ltr'><strong>teste</strong></span> 
     </span>
     <span class='ocr_line' id='line_1_22' title="bbox 131 2826 1279 2914; baseline 0 -22"><span class='ocrx_word' id='word_1_190' title='bbox 131 2828 335 2911; x_wconf 88' lang='lat' dir='ltr'><strong>incipientem</strong></span> <span class='ocrx_word' id='word_1_191' title='bbox 353 2829 392 2892; x_wconf 90' lang='lat' dir='ltr'><strong>ab</strong></span> <span class='ocrx_word' id='word_1_192' title='bbox 411 2828 614 2893; x_wconf 84' lang='lat' dir='ltr'><strong>Hierusalem</strong></span> <span class='ocrx_word' id='word_1_193' title='bbox 633 2846 670 2893; x_wconf 89' lang='lat' dir='ltr'><strong>ac</strong></span> <span class='ocrx_word' id='word_1_194' title='bbox 693 2846 749 2911; x_wconf 90' lang='lat' dir='ltr'><strong>per</strong></span> <span class='ocrx_word' id='word_1_195' title='bbox 767 2846 877 2893; x_wconf 89' lang='lat' dir='ltr'><strong>omnes</strong></span> <span class='ocrx_word' id='word_1_196' title='bbox 901 2831 1011 2914; x_wconf 85' lang='lat' dir='ltr'><strong>gentes</strong></span> <span class='ocrx_word' id='word_1_197' title='bbox 1035 2826 1279 2893; x_wconf 86' lang='lat' dir='ltr'><strong>fructificantem</strong></span> 
     </span>
     <span class='ocr_line' id='line_1_23' title="bbox 132 2934 1278 3018; baseline -0.001 -19"><span class='ocrx_word' id='word_1_198' title='bbox 132 2940 227 3018; x_wconf 85' lang='lat' dir='ltr'><strong>utque</strong></span> <span class='ocrx_word' id='word_1_199' title='bbox 251 2939 443 3001; x_wconf 84' lang='lat' dir='ltr'><strong>crescentem</strong></span> <span class='ocrx_word' id='word_1_200' title='bbox 471 2935 640 2999; x_wconf 87' lang='lat' dir='ltr'><strong>adomino</strong></span> <span class='ocrx_word' id='word_1_201' title='bbox 665 2934 792 3001; x_wconf 77' lang='lat' dir='ltr'><strong>Christo</strong></span> <span class='ocrx_word' id='word_1_202' title='bbox 819 2954 875 3017; x_wconf 89' lang='lat' dir='ltr'><strong>per</strong></span> <span class='ocrx_word' id='word_1_203' title='bbox 902 2935 1063 3017; x_wconf 89' lang='lat' dir='ltr'><strong>apostolos</strong></span> <span class='ocrx_word' id='word_1_204' title='bbox 1087 2934 1278 3017; x_wconf 88' lang='lat' dir='ltr'><strong>accepimus,</strong></span> 
     </span>
     <span class='ocr_line' id='line_1_24' title="bbox 130 3041 1278 3125; baseline -0.002 -19"><span class='ocrx_word' id='word_1_205' title='bbox 130 3060 353 3123; x_wconf 87' lang='lat' dir='ltr'><strong>permanemus</strong></span> <span class='ocrx_word' id='word_1_206' title='bbox 381 3044 414 3107; x_wconf 91' lang='lat' dir='ltr'><strong>et</strong></span> <span class='ocrx_word' id='word_1_207' title='bbox 441 3042 479 3106; x_wconf 93' lang='lat' dir='ltr'><strong>de</strong></span> <span class='ocrx_word' id='word_1_208' title='bbox 510 3041 605 3107; x_wconf 84' lang='lat' dir='ltr'><strong>factis</strong></span> <span class='ocrx_word' id='word_1_209' title='bbox 633 3042 739 3107; x_wconf 90' lang='lat' dir='ltr'><strong>nescio</strong></span> <span class='ocrx_word' id='word_1_210' title='bbox 768 3060 903 3124; x_wconf 86' lang='lat' dir='ltr'><strong>quorum</strong></span> <span class='ocrx_word' id='word_1_211' title='bbox 930 3045 1066 3125; x_wconf 90' lang='lat' dir='ltr'><strong>patrum,</strong></span> <span class='ocrx_word' id='word_1_212' title='bbox 1100 3060 1180 3123; x_wconf 87' lang='lat' dir='ltr'><strong>quae</strong></span> <span class='ocrx_word' id='word_1_213' title='bbox 1208 3044 1278 3105; x_wconf 90' lang='lat' dir='ltr'><strong>ante</strong></span> 
     </span>
     <span class='ocr_line' id='line_1_25' title="bbox 131 3147 1279 3232; baseline -0.002 -19"><span class='ocrx_word' id='word_1_214' title='bbox 131 3167 230 3232; x_wconf 86' lang='lat' dir='ltr'><strong>paene</strong></span> <span class='ocrx_word' id='word_1_215' title='bbox 250 3152 378 3214; x_wconf 88' lang='lat' dir='ltr'><strong>centum</strong></span> <span class='ocrx_word' id='word_1_216' title='bbox 398 3167 496 3213; x_wconf 88' lang='lat' dir='ltr'><strong>annos</strong></span> <span class='ocrx_word' id='word_1_217' title='bbox 515 3148 657 3213; x_wconf 87' lang='lat' dir='ltr'><strong>admissa</strong></span> <span class='ocrx_word' id='word_1_218' title='bbox 675 3147 832 3227; x_wconf 88' lang='lat' dir='ltr'><strong>dicuntur,</strong></span> <span class='ocrx_word' id='word_1_219' title='bbox 851 3166 913 3213; x_wconf 87' lang='lat' dir='ltr'><strong>non</strong></span> <span class='ocrx_word' id='word_1_220' title='bbox 932 3148 1129 3213; x_wconf 80' lang='lat' dir='ltr'><strong>iudicamur?</strong></span> <span class='ocrx_word' id='word_1_221' title='bbox 1149 3148 1177 3213; x_wconf 92' lang='lat' dir='ltr'><strong>si</strong></span> <span class='ocrx_word' id='word_1_222' title='bbox 1196 3147 1279 3212; x_wconf 91' lang='lat' dir='ltr'><strong>enim</strong></span> 
     </span>
     <span class='ocr_line' id='line_1_26' title="bbox 88 3253 1278 3337; baseline -0.005 -16"><span class='ocrx_word' id='word_1_223' title='bbox 88 3282 113 3321; x_wconf 73' lang='lat' dir='ltr'><strong>ss</strong></span> <span class='ocrx_word' id='word_1_224' title='bbox 130 3258 167 3319; x_wconf 87' lang='lat' dir='ltr'><strong>tu</strong></span> <span class='ocrx_word' id='word_1_225' title='bbox 200 3256 239 3321; x_wconf 93' lang='lat' dir='ltr'><strong>de</strong></span> <span class='ocrx_word' id='word_1_226' title='bbox 271 3259 360 3337; x_wconf 87' lang='lat' dir='ltr'><strong>patre</strong></span> <span class='ocrx_word' id='word_1_227' title='bbox 391 3259 447 3321; x_wconf 89' lang='lat' dir='ltr'><strong>tuo</strong></span> <span class='ocrx_word' id='word_1_228' title='bbox 481 3254 583 3320; x_wconf 89' lang='lat' dir='ltr'><strong>adhue</strong></span> <span class='ocrx_word' id='word_1_229' title='bbox 614 3256 646 3318; x_wconf 92' lang='lat' dir='ltr'><strong>in</strong></span> <span class='ocrx_word' id='word_1_230' title='bbox 684 3254 742 3321; x_wconf 86' lang='lat' dir='ltr'><strong>hac</strong></span> <span class='ocrx_word' id='word_1_231' title='bbox 780 3255 848 3319; x_wconf 88' lang='lat' dir='ltr'><strong>uita</strong></span> <span class='ocrx_word' id='word_1_232' title='bbox 880 3255 1055 3320; x_wconf 88' lang='lat' dir='ltr'><strong>constituto</strong></span> <span class='ocrx_word' id='word_1_233' title='bbox 1087 3274 1147 3320; x_wconf 95' lang='lat' dir='ltr'><strong>nou</strong></span> <span class='ocrx_word' id='word_1_234' title='bbox 1181 3253 1278 3319; x_wconf 83' lang='lat' dir='ltr'><strong>audes</strong></span> 
     </span>
     <span class='ocr_line' id='line_1_27' title="bbox 131 3359 1278 3446; baseline -0.002 -21"><span class='ocrx_word' id='word_1_235' title='bbox 131 3362 280 3440; x_wconf 88' lang='lat' dir='ltr'><strong>iudicare,</strong></span> <span class='ocrx_word' id='word_1_236' title='bbox 300 3381 393 3445; x_wconf 89' lang='lat' dir='ltr'><strong>quem</strong></span> <span class='ocrx_word' id='word_1_237' title='bbox 405 3364 497 3445; x_wconf 88' lang='lat' dir='ltr'><strong>potes</strong></span> <span class='ocrx_word' id='word_1_238' title='bbox 512 3362 716 3446; x_wconf 82' lang='lat' dir='ltr'><strong>interrogare,</strong></span> <span class='ocrx_word' id='word_1_239' title='bbox 734 3362 814 3425; x_wconf 90' lang='lat' dir='ltr'><strong>mihi</strong></span> <span class='ocrx_word' id='word_1_240' title='bbox 830 3380 925 3444; x_wconf 89' lang='lat' dir='ltr'><strong>quare</strong></span> <span class='ocrx_word' id='word_1_241' title='bbox 941 3362 1067 3439; x_wconf 89' lang='lat' dir='ltr'><strong>dicitur,</strong></span> <span class='ocrx_word' id='word_1_242' title='bbox 1086 3365 1123 3426; x_wconf 88' lang='lat' dir='ltr'><strong>ut</strong></span> <span class='ocrx_word' id='word_1_243' title='bbox 1140 3359 1278 3425; x_wconf 90' lang='lat' dir='ltr'><strong>iudicem</strong></span> 
     </span>
    </p>
   </div>
   <div class='ocr_carea' id='block_1_3' title="bbox 132 3466 1279 3765">
    <p class='ocr_par' dir='ltr' id='par_1_8' title="bbox 132 3466 1279 3765">
     <span class='ocr_line' id='line_1_28' title="bbox 132 3466 1278 3553; baseline -0.003 -21"><span class='ocrx_word' id='word_1_244' title='bbox 132 3470 170 3533; x_wconf 88' lang='lat' dir='ltr'><strong>de</strong></span> <span class='ocrx_word' id='word_1_245' title='bbox 201 3472 328 3535; x_wconf 86' lang='lat' dir='ltr'><strong>mortuo</strong></span> <span class='ocrx_word' id='word_1_246' title='bbox 363 3469 458 3553; x_wconf 84' lang='lat' dir='ltr'><strong>louge</strong></span> <span class='ocrx_word' id='word_1_247' title='bbox 495 3473 579 3547; x_wconf 86' lang='lat' dir='ltr'><strong>ante,</strong></span> <span class='ocrx_word' id='word_1_248' title='bbox 616 3488 710 3551; x_wconf 88' lang='lat' dir='ltr'><strong>quam</strong></span> <span class='ocrx_word' id='word_1_249' title='bbox 747 3472 842 3535; x_wconf 86' lang='lat' dir='ltr'><strong>natus</strong></span> <span class='ocrx_word' id='word_1_250' title='bbox 880 3473 973 3534; x_wconf 81' lang='lat' dir='ltr'><strong>sum?</strong></span> <span class='ocrx_word' id='word_1_251' title='bbox 1010 3470 1060 3533; x_wconf 88' lang='lat' dir='ltr'><strong>tot</strong></span> <span class='ocrx_word' id='word_1_252' title='bbox 1091 3466 1278 3533; x_wconf 78' lang='lat' dir='ltr'><strong>Christianis</strong></span> 
     </span>
     <span class='ocr_line' id='line_1_29' title="bbox 133 3571 1279 3659; baseline -0.004 -19"><span class='ocrx_word' id='word_1_253' title='bbox 133 3576 283 3659; x_wconf 83' lang='lat' dir='ltr'><strong>gentibus</strong></span> <span class='ocrx_word' id='word_1_254' title='bbox 311 3594 407 3658; x_wconf 86' lang='lat' dir='ltr'><strong>quare</strong></span> <span class='ocrx_word' id='word_1_255' title='bbox 435 3575 559 3654; x_wconf 88' lang='lat' dir='ltr'><strong>dicitur,</strong></span> <span class='ocrx_word' id='word_1_256' title='bbox 590 3578 626 3640; x_wconf 92' lang='lat' dir='ltr'><strong>ut</strong></span> <span class='ocrx_word' id='word_1_257' title='bbox 651 3575 797 3640; x_wconf 89' lang='lat' dir='ltr'><strong>iudicent</strong></span> <span class='ocrx_word' id='word_1_258' title='bbox 824 3575 863 3640; x_wconf 91' lang='lat' dir='ltr'><strong>de</strong></span> <span class='ocrx_word' id='word_1_259' title='bbox 891 3575 985 3639; x_wconf 83' lang='lat' dir='ltr'><strong>factis</strong></span> <span class='ocrx_word' id='word_1_260' title='bbox 1008 3574 1156 3639; x_wconf 86' lang='lat' dir='ltr'><strong>Afrorum</strong></span> <span class='ocrx_word' id='word_1_261' title='bbox 1184 3571 1279 3638; x_wconf 85' lang='lat' dir='ltr'><strong>tradi-</strong></span> 
     </span>
     <span class='ocr_line' id='line_1_30' title="bbox 132 3678 1278 3765; baseline -0.003 -18"><span class='ocrx_word' id='word_1_262' title='bbox 132 3688 237 3747; x_wconf 90' lang='lat' dir='ltr'><strong>torum</strong></span> <span class='ocrx_word' id='word_1_263' title='bbox 265 3685 337 3747; x_wconf 90' lang='lat' dir='ltr'><strong>ante</strong></span> <span class='ocrx_word' id='word_1_264' title='bbox 359 3684 409 3747; x_wconf 92' lang='lat' dir='ltr'><strong>tot</strong></span> <span class='ocrx_word' id='word_1_265' title='bbox 436 3701 534 3747; x_wconf 92' lang='lat' dir='ltr'><strong>annos</strong></span> <span class='ocrx_word' id='word_1_266' title='bbox 562 3684 770 3759; x_wconf 86' lang='lat' dir='ltr'><strong>mortuomm,</strong></span> <span class='ocrx_word' id='word_1_267' title='bbox 801 3701 881 3765; x_wconf 90' lang='lat' dir='ltr'><strong>quos</strong></span> <span class='ocrx_word' id='word_1_268' title='bbox 908 3701 966 3745; x_wconf 92' lang='lat' dir='ltr'><strong>nec</strong></span> <span class='ocrx_word' id='word_1_269' title='bbox 995 3682 1089 3747; x_wconf 91' lang='lat' dir='ltr'><strong>uiuos</strong></span> <span class='ocrx_word' id='word_1_270' title='bbox 1118 3684 1168 3745; x_wconf 86' lang='lat' dir='ltr'><strong>tot</strong></span> <span class='ocrx_word' id='word_1_271' title='bbox 1192 3678 1278 3745; x_wconf 81' lang='lat' dir='ltr'><strong>chri-</strong></span> 
     </span>
    </p>
   </div>
   <div class='ocr_carea' id='block_1_4' title="bbox 221 3922 1182 3996">
    <p class='ocr_par' dir='ltr' id='par_1_9' title="bbox 221 3922 1182 3996">
     <span class='ocr_line' id='line_1_31' title="bbox 221 3922 1182 3996; baseline -0.002 -17"><span class='ocrx_word' id='word_1_272' title='bbox 221 3925 322 3990; x_wconf 83' lang='lat'>9-10;</span> <span class='ocrx_word' id='word_1_273' title='bbox 343 3924 448 3980; x_wconf 79' lang='lat'>18-20</span> <span class='ocrx_word' id='word_1_274' title='bbox 467 3925 500 3979; x_wconf 82' lang='lat' dir='ltr'><strong>cs.</strong></span> <span class='ocrx_word' id='word_1_275' title='bbox 520 3944 545 3996; x_wconf 90' lang='lat' dir='ltr'><strong>p.</strong></span> <span class='ocrx_word' id='word_1_276' title='bbox 565 3927 627 3991; x_wconf 86' lang='grc'><strong>612,</strong></span> <span class='ocrx_word' id='word_1_277' title='bbox 649 3928 718 3980; x_wconf 92' lang='grc'><strong>1-2</strong></span> <span class='ocrx_word' id='word_1_278' title='bbox 773 3927 806 3979; x_wconf 98' lang='grc'><strong>21</strong></span> <span class='ocrx_word' id='word_1_279' title='bbox 827 3926 890 3979; x_wconf 85' lang='lat' dir='ltr'><strong>Luc.</strong></span> <span class='ocrx_word' id='word_1_280' title='bbox 911 3926 955 3993; x_wconf 77' lang='lat'><strong>24,</strong></span> <span class='ocrx_word' id='word_1_281' title='bbox 973 3926 1021 3988; x_wconf 83' lang='lat'><strong>47;</strong></span> <span class='ocrx_word' id='word_1_282' title='bbox 1041 3925 1101 3978; x_wconf 81' lang='lat' dir='ltr'><strong>Aet.</strong></span> <span class='ocrx_word' id='word_1_283' title='bbox 1122 3925 1146 3986; x_wconf 88' lang='lat'><strong>1,</strong></span> <span class='ocrx_word' id='word_1_284' title='bbox 1165 3922 1182 3977; x_wconf 90' lang='lat'>8</span> 
     </span>
    </p>
   </div>
   <div class='ocr_carea' id='block_1_5' title="bbox 133 4046 1282 4475">
    <p class='ocr_par' dir='ltr' id='par_1_10' title="bbox 133 4046 1282 4475">
     <span class='ocr_line' id='line_1_32' title="bbox 167 4046 1279 4120; baseline -0.003 -18"><span class='ocrx_word' id='word_1_285' title='bbox 167 4051 183 4103; x_wconf 81' lang='lat'><strong>3</strong></span> <span class='ocrx_word' id='word_1_286' title='bbox 202 4050 226 4103; x_wconf 85' lang='lat' dir='ltr'><strong>si</strong></span> <span class='ocrx_word' id='word_1_287' title='bbox 244 4050 562 4120; x_wconf 84' lang='lat' dir='ltr'><strong>autem-rebaptizastis</strong></span> <span class='ocrx_word' id='word_1_288' title='bbox 582 4066 632 4104; x_wconf 85' lang='lat' dir='ltr'><strong>om.</strong></span> <span class='ocrx_word' id='word_1_289' title='bbox 657 4050 714 4104; x_wconf 79' lang='lat' dir='ltr'><strong>VII</strong></span> <span class='ocrx_word' id='word_1_290' title='bbox 729 4049 788 4104; x_wconf 84' lang='lat' dir='ltr'><strong>edd.</strong></span> <span class='ocrx_word' id='word_1_291' title='bbox 874 4048 905 4102; x_wconf 94' lang='grc'><strong>11</strong></span> <span class='ocrx_word' id='word_1_292' title='bbox 924 4051 953 4102; x_wconf 85' lang='lat' dir='ltr'><strong>te</strong></span> <span class='ocrx_word' id='word_1_293' title='bbox 972 4064 1023 4102; x_wconf 90' lang='lat' dir='ltr'><strong>om.</strong></span> <span class='ocrx_word' id='word_1_294' title='bbox 1043 4046 1071 4100; x_wconf 95' lang='lat' dir='ltr'><strong><em>P</em></strong></span> <span class='ocrx_word' id='word_1_295' title='bbox 1150 4048 1184 4101; x_wconf 77' lang='lat'><strong>14</strong></span> <span class='ocrx_word' id='word_1_296' title='bbox 1203 4046 1279 4100; x_wconf 89' lang='lat' dir='ltr'><strong>nulla</strong></span> 
     </span>
     <span class='ocr_line' id='line_1_33' title="bbox 133 4134 1282 4209; baseline -0.003 -18"><span class='ocrx_word' id='word_1_297' title='bbox 133 4138 209 4192; x_wconf 81' lang='lat' dir='ltr'><strong>codd.</strong></span> <span class='ocrx_word' id='word_1_298' title='bbox 230 4139 287 4192; x_wconf 82' lang='lat' dir='ltr'><strong>lar</strong></span> <span class='ocrx_word' id='word_1_299' title='bbox 303 4139 427 4209; x_wconf 76' lang='lat' dir='ltr'><strong>(adiectu</strong></span> <span class='ocrx_word' id='word_1_300' title='bbox 445 4140 605 4194; x_wconf 71' lang='lat' dir='ltr'><strong>contectura</strong></span> <span class='ocrx_word' id='word_1_301' title='bbox 621 4140 704 4204; x_wconf 83' lang='lat' dir='ltr'><strong>mala)</strong></span> <span class='ocrx_word' id='word_1_302' title='bbox 785 4140 817 4193; x_wconf 94' lang='grc'><strong>21</strong></span> <span class='ocrx_word' id='word_1_303' title='bbox 839 4138 987 4208; x_wconf 85' lang='lat' dir='ltr'><strong>incipiente</strong></span> <span class='ocrx_word' id='word_1_304' title='bbox 1005 4138 1033 4191; x_wconf 95' lang='lat' dir='ltr'><strong><em>P</em></strong></span> <span class='ocrx_word' id='word_1_305' title='bbox 1122 4140 1204 4206; x_wconf 82' lang='lat' dir='ltr'><strong>atque</strong></span> <span class='ocrx_word' id='word_1_306' title='bbox 1228 4134 1282 4189; x_wconf 87' lang='lat' dir='ltr'><strong>VU</strong></span> 
     </span>
     <span class='ocr_line' id='line_1_34' title="bbox 133 4224 1280 4298; baseline -0.003 -18"><span class='ocrx_word' id='word_1_307' title='bbox 133 4227 191 4284; x_wconf 83' lang='lat' dir='ltr'><strong>edd.</strong></span> <span class='ocrx_word' id='word_1_308' title='bbox 264 4229 300 4281; x_wconf 75' lang='lat'><strong>24</strong></span> <span class='ocrx_word' id='word_1_309' title='bbox 318 4230 418 4282; x_wconf 85' lang='lat' dir='ltr'><strong>amissa</strong></span> <span class='ocrx_word' id='word_1_310' title='bbox 435 4229 464 4281; x_wconf 94' lang='lat' dir='ltr'><strong><em>P</em></strong></span> <span class='ocrx_word' id='word_1_311' title='bbox 532 4230 598 4298; x_wconf 92' lang='lat' dir='ltr'><strong>non]</strong></span> <span class='ocrx_word' id='word_1_312' title='bbox 617 4228 698 4282; x_wconf 89' lang='lat' dir='ltr'><strong>modo</strong></span> <span class='ocrx_word' id='word_1_313' title='bbox 723 4228 778 4283; x_wconf 83' lang='lat' dir='ltr'><strong>VU</strong></span> <span class='ocrx_word' id='word_1_314' title='bbox 794 4226 854 4282; x_wconf 82' lang='lat' dir='ltr'><strong>edd.</strong></span> <span class='ocrx_word' id='word_1_315' title='bbox 927 4226 1077 4280; x_wconf 89' lang='lat' dir='ltr'><strong>iudicamus</strong></span> <span class='ocrx_word' id='word_1_316' title='bbox 1096 4242 1110 4279; x_wconf 84' lang='lat' dir='ltr'><strong>a</strong></span> <span class='ocrx_word' id='word_1_317' title='bbox 1128 4224 1280 4279; x_wconf 90' lang='lat' dir='ltr'><strong>iudicamur</strong></span> 
     </span>
     <span class='ocr_line' id='line_1_35' title="bbox 135 4312 1279 4387; baseline -0.005 -16"><span class='ocrx_word' id='word_1_318' title='bbox 135 4317 234 4371; x_wconf 79' lang='lat' dir='ltr'><strong>addita</strong></span> <span class='ocrx_word' id='word_1_319' title='bbox 251 4318 284 4370; x_wconf 77' lang='lat' dir='ltr'><strong>in</strong></span> <span class='ocrx_word' id='word_1_320' title='bbox 300 4333 387 4387; x_wconf 79' lang='lat' dir='ltr'><strong>murp.</strong></span> <span class='ocrx_word' id='word_1_321' title='bbox 406 4318 564 4372; x_wconf 81' lang='lat' dir='ltr'><strong>coniectura</strong></span> <span class='ocrx_word' id='word_1_322' title='bbox 582 4318 734 4371; x_wconf 85' lang='lat' dir='ltr'><strong>iudicamus</strong></span> <span class='ocrx_word' id='word_1_323' title='bbox 746 4334 774 4370; x_wconf 85' lang='lat' dir='ltr'><strong>m</strong></span> <span class='ocrx_word' id='word_1_324' title='bbox 828 4318 862 4371; x_wconf 85' lang='grc'><strong>27</strong></span> <span class='ocrx_word' id='word_1_325' title='bbox 882 4317 936 4385; x_wconf 86' lang='lat' dir='ltr'><strong>tot]</strong></span> <span class='ocrx_word' id='word_1_326' title='bbox 956 4332 1006 4369; x_wconf 89' lang='lat' dir='ltr'><strong>uec</strong></span> <span class='ocrx_word' id='word_1_327' title='bbox 1029 4314 1083 4369; x_wconf 73' lang='lat' dir='ltr'><em>W</em></span> <span class='ocrx_word' id='word_1_328' title='bbox 1092 4316 1102 4368; x_wconf 87' lang='lat' dir='ltr'><em>l</em></span> <span class='ocrx_word' id='word_1_329' title='bbox 1111 4330 1148 4367; x_wconf 86' lang='lat' dir='ltr'><strong>ar</strong></span> <span class='ocrx_word' id='word_1_330' title='bbox 1167 4312 1279 4380; x_wconf 82' lang='lat' dir='ltr'><strong>(addita</strong></span> 
     </span>
     <span class='ocr_line' id='line_1_36' title="bbox 134 4405 831 4475; baseline 0.003 -18"><span class='ocrx_word' id='word_1_331' title='bbox 134 4406 163 4458; x_wconf 82' lang='lat' dir='ltr'><strong>iu</strong></span> <span class='ocrx_word' id='word_1_332' title='bbox 180 4422 266 4475; x_wconf 68' lang='lat' dir='ltr'><strong>maru.</strong></span> <span class='ocrx_word' id='word_1_333' title='bbox 287 4406 445 4460; x_wconf 82' lang='lat' dir='ltr'><strong>coniectura</strong></span> <span class='ocrx_word' id='word_1_334' title='bbox 464 4410 502 4473; x_wconf 91' lang='lat' dir='ltr'><strong>et)</strong></span> <span class='ocrx_word' id='word_1_335' title='bbox 521 4410 585 4460; x_wconf 75' lang='lat' dir='ltr'><strong>etur</strong></span> <span class='ocrx_word' id='word_1_336' title='bbox 641 4406 675 4460; x_wconf 88' lang='grc'><strong>28</strong></span> <span class='ocrx_word' id='word_1_337' title='bbox 694 4405 784 4460; x_wconf 73' lang='lat' dir='ltr'><strong>iudice</strong></span> <span class='ocrx_word' id='word_1_338' title='bbox 803 4406 831 4459; x_wconf 95' lang='lat' dir='ltr'><strong><em>P</em></strong></span> 
     </span>
    </p>
   </div>
   <div class='ocr_carea' id='block_1_6' title="bbox 0 0 1555 5217">
    <p class='ocr_par' dir='ltr' id='par_1_11' title="bbox 0 0 1555 5217">
     <span class='ocr_line' id='line_1_37' title="bbox 0 0 1555 5217; baseline 0 0"><span class='ocrx_word' id='word_1_339' title='bbox 0 0 1555 5217; x_wconf 95' lang='lat' dir='ltr'><strong> </strong></span> 
     </span>
    </p>
   </div>
  </div>
 </body>
</html>
