3092 5217
496 471 761 541 epistularum
790 471 862 524 LIII.
1194 474 1258 538 155

123 668 249 732 eiusdem
270 664 416 730 ciuitatis
436 668 562 730 uestrae
584 663 783 730 Diocletiano
808 665 894 730 VIII.
920 670 951 730 et
975 666 1163 732 Maximiano
1188 665 1258 730 Vll.

123 773 296 839 consulibus
319 772 488 838 undecimo
511 771 673 837 Kalendas
695 772 814 846 lunias,
839 773 954 854 quibus
974 773 1096 856 liquido
1116 772 1261 838 constitit

57 966 60 970 ι
122 882 161 945 ita
190 880 329 944 Paulum
366 879 552 962 episcopum
589 878 771 955 tradidisse,
810 884 847 944 ut
884 879 1032 945 Siluanus
1073 883 1149 944 tunc
1190 880 1259 944 eius

123 987 326 1052 subdiaconus
363 987 461 1050 luerit
497 990 530 1050 et
561 1004 634 1052 cum
665 986 721 1051 illo
754 986 921 1052 tradiderit
952 987 1112 1070 proferens
1145 987 1209 1051 inst
1250 1022 1259 1031 κ

96 1098 216 1160 amenta
251 1093 421 1172 dominica,
460 1093 554 1158 etiam
593 1111 674 1175 quae
715 1093 884 1178 diligenter
924 1095 1049 1158 fueraut
1090 1093 1259 1164 occultata,

123 1201 321 1283 capitulatam
336 1203 519 1282 argenteam
534 1205 568 1266 et
580 1199 741 1264 lucernam
762 1204 955 1284 argenteam,
976 1199 1022 1265 ita
1040 1203 1077 1266 ut
1096 1199 1124 1264 ei
1145 1199 1263 1264 diceret

124 1307 221 1371 Victor
242 1307 390 1388 quidam:
415 1307 574 1372 ‘Mortuus
597 1307 713 1384 fueras,
733 1307 761 1371 si
780 1325 841 1371 non
861 1306 933 1370 illas
952 1306 1154 1372 inuenisses.'
1176 1307 1259 1370 buno

122 1411 176 1476 Iste
200 1411 379 1490 Siluanum,
405 1410 705 1476 manifestissimum
731 1411 926 1488 traditorem,
954 1431 1010 1494 pro
1038 1431 1152 1494 magno
1177 1429 1260 1476 eom-

122 1522 268 1584 memorat
291 1519 323 1582 in
347 1518 496 1602 epistula,
520 1537 615 1600 quam
638 1518 698 1582 tibi
722 1517 860 1600 scripsit,
881 1537 899 1582 a
918 1517 1062 1584 Secundo
1082 1517 1260 1601 TigisItano

90 1625 229 1705 reprimas
256 1624 346 1690 sedis
374 1624 524 1708 episcopo
561 1625 746 1707 episcopum
785 1627 859 1688 tunc
893 1624 1084 1690 ordinatum.
1117 1624 1261 1705 quiescat

124 1750 188 1814 ergo
210 1731 347 1814 superba
370 1749 478 1796 eorum
501 1731 613 1816 liugua
635 1734 669 1795 et
691 1735 864 1815 eognoscat
886 1731 1017 1796 crimina
1041 1749 1108 1808 suo,
1128 1749 1166 1794 ne
1187 1729 1262 1794 deli-

122 1857 187 1902 rans
219 1839 372 1919 loquatur
407 1838 519 1902 aliena
556 1838 656 1903 recita
691 1837 740 1902 illi
778 1837 886 1916 etiam,
923 1839 951 1902 si
989 1837 1136 1910 uoluerit,
1171 1838 1262 1920 gesta

124 1944 332 2010 ecclesiastica
345 1945 489 2010 eiusdem
504 1945 640 2010 Secundi
655 1943 825 2028 Tigisitani
844 1944 876 2008 in
897 1944 990 2010 domo
1010 1943 1129 2010 Urbani
1144 1943 1261 2008 Donati

124 2051 230 2126 habita,
257 2053 318 2116 ubi
346 2051 510 2118 confessos
537 2051 706 2116 traditores
732 2051 833 2116 iudici
862 2051 919 2116 deo
944 2051 1077 2129 dimisit,
1101 2051 1261 2116 Donatum

90 2189 110 2224 a
125 2155 374 2232 llosculitanum,
404 2157 563 2222 Marinum
586 2158 625 2222 ab
648 2157 750 2240 Aquis
773 2155 964 2233 Tibilitanis,
989 2156 1148 2220 Donatum
1174 2153 1262 2220 Cala-

126 2283 265 2344 mensem,
290 2284 365 2330 cum
388 2265 505 2347 quibus
529 2264 683 2329 confessis
705 2264 912 2328 traditoribus
935 2264 1144 2328 memoratum
1167 2260 1261 2326 tradi-

127 2373 217 2435 bsrem
239 2372 406 2438 Siluanum
427 2370 473 2436 eis
493 2370 651 2436 ordinauit
670 2372 867 2453 episcopum.
884 2369 981 2433 recita
999 2367 1048 2431 illi
1069 2372 1159 2450 gesta
1178 2366 1263 2449 apud

127 2476 323 2560 Zenopbilum
357 2477 565 2554 consularem,
602 2476 658 2542 ubi
692 2475 906 2541 Nundinarius
945 2474 1073 2557 quidam
1110 2473 1262 2538 diaconus

127 2583 217 2648 iratus
244 2583 387 2661 Siluano,
417 2583 501 2666 quod
530 2583 568 2648 ab
592 2601 630 2648 eo
652 2582 750 2649 fuerit
772 2581 1073 2658 excommunicatus,
1097 2580 1174 2644 haec
1198 2599 1262 2644 om-

92 2715 114 2754 o
128 2690 173 2753 nia
192 2691 319 2756 iudiciis
342 2690 492 2772 prodidit,
511 2707 591 2772 quse
615 2689 710 2754 certis
735 2689 934 2754 documentis
954 2692 987 2754 et
1004 2687 1262 2770 responsionibus

128 2797 247 2860 testium
271 2800 304 2860 et
325 2797 509 2861 recitatione
532 2797 695 2880 gestorum
719 2798 751 2860 et
767 2796 944 2859 multarum
964 2793 1172 2876 epistularum
1190 2792 1262 2857 luce

128 2903 233 2968 clarius
257 2903 477 2968 constiterunt.

77 3011 93 3069 5
165 3011 266 3074 Multa
288 3015 365 3076 sunt
388 3009 460 3086 alia,
485 3029 565 3092 quae
588 3008 637 3072 illi
661 3009 787 3087 recites,
812 3007 839 3072 si
864 3025 925 3074 uon
950 3006 1147 3071 conteutIose
1171 3023 1264 3088 agere

125 3116 178 3180 sed
203 3117 371 3199 prudenter
397 3116 506 3181 audire
532 3115 687 3180 uoluerit:
715 3133 824 3197 preces
853 3112 1091 3178 Donatistarum
1121 3111 1159 3175 ad
1185 3109 1264 3176 Con-

93 3246 113 3285 e
129 3225 303 3301 atestinum,
329 3227 368 3288 ut
399 3226 528 3306 propter
558 3223 661 3306 ipsam
695 3240 825 3286 causam
857 3220 939 3286 inter
970 3219 1064 3284 Afros
1097 3217 1263 3301 episcopos

128 3328 320 3394 dirimendam
357 3328 480 3394 iudices
519 3346 554 3392 er
592 3327 697 3393 Gallis
734 3328 901 3411 episcopos
943 3325 1098 3399 mitteret
1140 3325 1263 3388 litteras

128 3437 214 3500 etiam
252 3437 395 3502 eiusdem
427 3434 638 3519 imperatoris,
672 3433 728 3498 ubi
760 3435 927 3517 episcopos
960 3432 1050 3497 misit
1082 3431 1119 3495 ad
1153 3431 1262 3496 urbem

160 3666 172 3716 l
195 3663 329 3723 diocletis,
352 3667 420 3717 m.2
443 3662 606 3717 diocletiano
624 3662 652 3716 P
758 3661 837 3716 VIII⁰
855 3662 882 3714 A
907 3660 994 3714 vina
1013 3660 1040 3716 R
1060 3665 1157 3713 octauo
1178 3658 1247 3724 aas
1255 3656 1264 3709 l

128 3758 279 3806 annonam
330 3751 577 3822 VH⁰AsepteR
597 3751 713 3819 septimo
734 3750 1028 3820 aeslseptimumm
1065 3745 1265 3802 axiacae

159 3841 322 3896 suasae
411 3840 526 3894 ieiunias
545 3842 573 3894 A
670 3833 1268 3898 4diaconus,corr.oa.1subdiaoonusM

129 3933 277 3999 5q;,rs.2
303 3946 354 4000 que
376 3930 405 3984 P
427 3946 494 3999 quas
516 3928 606 3983 MFA
731 3929 747 3982 6
772 3931 800 3981 st
823 3927 958 3981 lucernam
982 3927 1139 3993 argenteam
1162 3939 1213 3978 om.
1231 3923 1268 3976 M

130 4019 217 4089 iillal
238 4019 265 4072 P
323 4019 482 4073 8siluanus
500 4017 578 4072 codd.
598 4017 658 4072 edd.
673 4023 823 4086 praeterat
884 4014 1015 4069 9seribit
1033 4011 1094 4066 edd.
1158 4012 1190 4065 10
1209 4011 1265 4080 epi-

129 4125 229 4177 scopum
247 4126 300 4164 oro.
316 4107 344 4164 R
401 4107 434 4162 13
452 4107 648 4162 ecelesIastica·
669 4107 737 4174 (fuit
755 4107 779 4173 s)
799 4105 829 4160 F
881 4102 998 4158 Secundi
1018 4119 1068 4156 om.
1089 4101 1116 4156 R
1172 4103 1205 4154 14
1223 4100 1265 4154 iu·

130 4197 325 4268 dici·1¹(pama
343 4201 412 4262 ros.)
431 4195 461 4250 F
541 4197 573 4250 15
592 4194 830 4250 masculinitanum
851 4194 889 4260 (ni
909 4208 968 4260 esp.
987 4207 1023 4245 m.
1033 4195 1058 4257 1)
1078 4190 1115 4243 Μ
1185 4189 1265 4242 mari-

131 4289 215 4341 tanunr
232 4292 274 4353 (ta
292 4291 363 4356 esp.)
382 4285 411 4339 P
497 4285 531 4340 20
548 4283 655 4338 iuditiis
674 4284 701 4336 P
790 4284 823 4337 21
843 4280 997 4335 lucedarius
1017 4282 1043 4332 A
1115 4279 1149 4332 27
1171 4277 1264 4344 etiarn]

133 4376 194 4429 sulm
213 4379 247 4430 Μ
