3092 5217
300 496 364 559 618
660 492 687 547 S.
716 492 853 546 Aureli
881 492 1102 562 Augustini

300 688 484 771 gregatione
503 687 735 753 communionis
760 686 879 752 eiectos
902 688 1045 771 loquitur
1064 689 1241 772 Bagaieuse
1265 688 1445 753 concilium:

299 794 475 873 ‘Veridica',
516 794 631 877 iuquit,
667 794 763 859 ‘unda
804 794 835 858 in
873 813 1002 878 asperos
1040 794 1189 879 scopulos
1227 796 1447 860 nonnullomm

297 901 452 985 naufraga
470 900 611 984 proiecta
629 904 706 965 suut
723 901 879 976 membra3
904 900 1134 983 Aegyptiorum
1158 900 1331 967 admodum
1351 920 1448 965 exem-

297 1007 350 1088 plo
383 1007 583 1090 pereuntium
614 1007 779 1073 funeribus
811 1007 905 1089 plena
934 1010 1009 1071 suut
1035 1008 1139 1085 litora,
1173 1007 1292 1089 quibus
1320 1007 1353 1071 in
1382 1007 1448 1088 ipsa

295 1117 399 1177 morte
427 1114 529 1179 maior
551 1118 601 1179 est
627 1132 739 1195 poena,
768 1112 853 1195 quod
877 1116 952 1194 post
975 1116 1128 1178 extortam
1159 1114 1250 1197 aquis
1279 1113 1447 1177 ultricibus
1474 1133 1484 1169 ⁵

298 1218 435 1282 animam
460 1238 517 1283 nec
540 1218 643 1301 ipsam
668 1218 835 1284 inueniunt
859 1218 1077 1301 sepulturam'.
1106 1238 1142 1283 ex
1166 1220 1225 1284 hac
1248 1220 1345 1283 turba
1368 1238 1448 1283 mor-

296 1327 424 1389 tuorum
458 1324 549 1406 quasi
585 1324 817 1391 reuiuiscentes
849 1324 1046 1391 Feliciauum
1079 1328 1112 1389 et
1143 1326 1384 1391 Praetextatum
1419 1325 1448 1389 in

297 1430 366 1495 suis
394 1431 568 1496 honoribus
597 1432 787 1513 suscepistis
812 1436 844 1497 et
872 1433 910 1496 ab
935 1432 981 1497 eis
1010 1432 1041 1495 iu
1065 1432 1122 1497 illa
1144 1435 1246 1497 morte
1270 1431 1448 1514 baptizatos

296 1557 357 1603 uon
389 1536 624 1621 rebaptizastis,
657 1537 732 1619 quie
763 1538 961 1621 baptismum
990 1538 1107 1604 Christi
1138 1538 1216 1604 foris
1249 1538 1364 1603 datum
1395 1556 1449 1619 per

296 1648 439 1709 mortuos
472 1644 607 1707 mortuis
639 1662 700 1709 nou
733 1644 895 1727 prodesse,
932 1644 1065 1710 eundem
1099 1648 1205 1709 tamen
1237 1645 1347 1727 ipsum
1380 1663 1447 1727 pro·
1464 1666 1482 1703 o

295 1749 388 1815 desse
430 1749 517 1814 intus
568 1749 835 1815 reuiuiscentibus
878 1750 1067 1834 agnouistis.
1109 1750 1296 1835 proponitur
1341 1751 1446 1815 nobis:

297 1856 438 1921 Oleum
479 1858 715 1940 peccatoris
756 1876 831 1922 non
879 1858 1098 1942 inpinguet
1138 1861 1262 1941 caput
1302 1876 1445 1933 meum:

294 1962 503 2047 respondetur
528 1964 587 2029 hoc
615 1964 770 2047 scriptum
799 1963 837 2028 de
866 1966 1079 2029 assentatione
1111 1965 1175 2029 leni
1208 1968 1305 2045 atque
1339 1964 1443 2027 fallaci

296 2069 404 2135 blaudi
422 2069 596 2135 adulatoris
619 2070 774 2153 intellegi,
799 2070 873 2151 quia
897 2071 1049 2154 unguitur
1072 2073 1105 2135 et
1128 2070 1243 2135 crescit
1266 2070 1313 2134 eis
1338 2074 1443 2153 caput,

296 2194 368 2240 cum
400 2176 571 2241 laudantur
598 2180 780 2258 peccatores
809 2176 841 2241 in
869 2176 1034 2241 desideriis
1063 2176 1185 2242 animae
1214 2195 1291 2241 suae
1321 2180 1365 2253 et,
1395 2177 1443 2258 qui
1461 2202 1481 2239 n

295 2282 405 2365 iniqua
419 2283 553 2367 egerint,
571 2284 807 2350 benedicentur.
820 2283 913 2365 cuod
928 2302 964 2347 ex
978 2283 1081 2365 priore
1095 2302 1191 2347 uersu
1206 2283 1285 2347 satis
1301 2286 1443 2365 apparet:

294 2388 341 2453 sic
362 2389 447 2453 enim
469 2389 575 2472 posita
598 2392 649 2456 est
671 2394 740 2455 tota
763 2390 934 2455 sententia:
960 2388 1201 2455 Emendabit
1222 2408 1279 2453 me
1304 2390 1442 2453 iustus

294 2494 331 2559 in
364 2495 653 2561 misericordia
681 2500 721 2562 et
748 2500 989 2579 arguetme;
1024 2498 1154 2561 oleum
1191 2500 1326 2561 autem
1363 2514 1442 2578 pec·
1531 2508 1532 2582 p

295 2603 453 2668 catoris
482 2622 555 2667 uon
584 2602 851 2687 inpingusbit
874 2606 996 2685 caput
1023 2621 1159 2667 meum.
1187 2603 1283 2667 malle
1308 2622 1344 2666 se
1369 2601 1442 2666 dixit

293 2710 398 2773 ueraci
416 2708 631 2774 misericordis
651 2710 838 2774 austeritate
858 2709 1016 2792 compesci
1036 2728 1132 2791 quam
1151 2708 1333 2791 deceptoria
1352 2707 1442 2772 laude
1457 2736 1479 2775 so

291 2814 432 2880 fallentis
456 2815 575 2883 extolli.
599 2814 656 2879 sed
680 2833 742 2897 quo
766 2815 861 2880 modo
883 2814 963 2881 libet
986 2816 1046 2881 hoc
1069 2816 1275 2899 intellegatis,
1302 2818 1390 2879 certe
1412 2814 1439 2877 in

291 2921 349 3000 eis,
377 2940 457 3003 quos
484 2922 518 2987 iu
546 2921 712 3005 sacrilegio
740 2922 925 2987 Maximiani
951 2922 1132 2989 Felicianus
1160 2928 1193 2987 et
1219 2923 1440 2987 Praetextatus

291 3028 544 3112 baptiaauerunt,
578 3032 635 3092 aut
666 3031 868 3111 peccatorum
901 3030 1007 3094 oleum
1040 3030 1227 3111 suscepistis
1260 3034 1319 3093 aut
1347 3028 1439 3093 otiam

290 3136 510 3217 peccatoribus
537 3135 791 3200 ministrantibus
817 3134 926 3199 datum
951 3134 1071 3201 Christi
1099 3154 1170 3201 esso
1194 3136 1302 3201 oleum
1327 3154 1438 3219 cogno-

290 3242 398 3318 uistis;
422 3262 523 3325 neque
551 3243 634 3307 onim
663 3262 723 3308 nou
752 3244 840 3308 erant
868 3250 1061 3325 peccatores,
1091 3242 1216 3327 quando
1246 3242 1284 3307 de
1314 3243 1380 3307 illis
1408 3244 1436 3307 in
1454 3270 1474 3309 e
1529 3286 1530 3289 =

377 3470 448 3523 2-6
471 3468 540 3538 Aug.
567 3474 660 3523 contra
684 3467 810 3524 Crescon.
832 3468 902 3523 Dori.
926 3468 964 3523 1v
990 3470 1035 3532 18;
1060 3472 1153 3523 contra
1178 3468 1316 3525 Gaudent.
1336 3467 1435 3523 Doni

288 3560 334 3621 543
355 3561 451 3613 contra
467 3557 523 3612 litt.
541 3556 671 3612 Petiliani
689 3557 703 3613 1
723 3558 770 3621 11;
792 3556 820 3611 11
841 3558 873 3611 16
952 3558 996 3621 12;
1019 3559 1051 3612 17
1071 3558 1116 3611 Ps.
1138 3557 1197 3620 140,
1217 3560 1234 3612 5

324 3682 336 3735 l
359 3682 554 3736 communionis
573 3683 783 3752 congregatione
807 3683 834 3738 U
922 3684 1070 3753 uagalense
1088 3683 1117 3737 P
1134 3684 1281 3753 uagaiense
1306 3684 1362 3739 VU
1377 3684 1433 3738 edd.

287 3772 303 3825 3
323 3769 477 3841 admodum]
497 3770 694 3841 quodmnmodo
718 3772 775 3826 VU
790 3773 851 3827 edd.
929 3776 945 3828 5
965 3777 1028 3842 post
1046 3774 1161 3827 eiectam
1183 3772 1239 3827 VU
1248 3772 1282 3827 lr
1301 3790 1351 3843 per
1368 3774 1433 3827 eiec-

286 3865 375 3913 tams
446 3860 510 3929 aqui
529 3857 672 3913 ultricibus
695 3860 752 3915 VU
767 3866 793 3915 ct
812 3860 878 3915 odd.
897 3862 929 3915 in
947 3877 1034 3930 marg.
1054 3860 1212 3915 maissiam
1231 3861 1311 3930 aquis
1334 3862 1432 3915 ultrici·

285 3949 336 4002 bus
356 3950 366 4001 1
373 3964 390 4001 r
481 3949 511 4001 11
532 3948 737 4014 reuiscentibus,
756 3966 827 4004 corr.
846 3954 907 4003 m.1
930 3949 1158 4005 reuiuisccntibus
1176 3948 1204 4003 P
1298 3948 1357 4003 1111
1374 3966 1430 4019 pro·

284 4038 394 4107 ponitur
413 4036 439 4088 P
542 4038 575 4091 12
593 4037 755 4109 inpingauct
773 4039 800 4091 P
817 4038 1018 4109 inpinguabit?
1036 4040 1071 4107 cf.
1091 4056 1118 4095 u.
1138 4040 1175 4091 19
1287 4041 1321 4093 14
1342 4054 1432 4108 quasa

321 4126 441 4193 ungitur,
460 4141 528 4179 corr.
547 4131 607 4180 m.1
626 4127 758 4197 unguitur
771 4128 799 4181 P
843 4129 875 4183 16
888 4126 1147 4181 benedicuntursm
1185 4128 1217 4181 l'l
1238 4126 1395 4181 emendarit
1408 4126 1433 4179 P

288 4214 319 4267 19
337 4214 408 4268 male
426 4215 453 4268 P
505 4214 541 4269 20
558 4216 751 4271 misericordiis
769 4216 798 4270 P
867 4216 1022 4271 conuesceri
1040 4217 1067 4271 P
1084 4217 1187 4271 conseri
1207 4216 1264 4271 VU
1278 4222 1304 4271 ct
1322 4216 1388 4271 cdd.
1402 4216 1429 4267 ia

283 4318 369 4372 marg.
388 4304 547 4359 coniectura
565 4306 668 4359 conteri
688 4306 722 4358 lr
740 4305 845 4359 conteri
862 4322 925 4375 sm;
941 4306 1042 4374 scripu'
1060 4306 1193 4375 compesci
1258 4306 1291 4359 21
1311 4305 1363 4359 hoc
1381 4321 1429 4357 on.

288 4390 343 4445 VU
359 4390 419 4445 edd.
475 4392 509 4445 22
527 4392 667 4446 maximini
685 4392 712 4446 P
765 4394 800 4447 24
820 4398 992 4463 peccatorum
1011 4394 1159 4450 coddlsr
