3092 5217
555 476 819 546 epistularum
847 478 915 533 CIV.
1244 488 1307 551 589

81 661 112 723 10
204 671 287 735 Ecce
312 675 428 754 quanto
453 690 518 747 eos,
548 672 664 754 quibus
692 691 749 737 nos
773 674 933 739 arbitraris
957 674 1061 755 irasci,
1084 713 1128 723 -
1151 696 1228 761 pace
1251 683 1308 744 tua

160 777 291 842 dixerim
314 816 358 824 —
382 778 557 843 ordinatius
581 799 676 862 quarn
699 784 734 845 tu
760 780 935 863 utiliusque
959 782 1134 866 diligimus,
1158 805 1213 868 pro
1238 788 1307 871 qui-

155 886 217 950 bus
247 888 281 949 et
312 884 351 948 ad
380 885 529 950 euitanda
559 890 648 951 tanto
680 887 802 951 maiora
834 890 918 953 mala
951 893 983 954 et
1014 890 1054 953 ad
1087 894 1308 973 consequenda

155 996 244 1058 tanto
286 994 405 1057 maiora
441 993 524 1058 bona
555 993 771 1076 deprecamur.
811 1013 890 1076 quos
926 995 1022 1060 etiam
1053 1000 1090 1061 tu
1127 998 1155 1061 si
1188 1018 1224 1062 er
1256 1000 1306 1064 dei

121 1102 288 1165 scaelesti
323 1119 452 1165 munere
494 1119 555 1164 non
594 1119 629 1164 er
670 1100 837 1165 bominum
874 1104 996 1167 terreno
1033 1122 1119 1168 more
1158 1104 1306 1189 diligeres

156 1209 383 1288 sinceriterque
406 1204 486 1269 mihi
508 1206 709 1280 rescriberes,
737 1206 833 1288 quod,
862 1225 934 1271 curn
959 1211 990 1272 te
1015 1209 1053 1273 ad
1078 1214 1306 1294 exsuperantis-

156 1315 231 1379 simi
251 1315 300 1378 dei
324 1314 447 1378 cultum
470 1312 719 1396 religionemque
743 1314 977 1396 compellerem,
996 1315 1134 1382 libenter
1156 1318 1305 1399 audieris,

155 1440 219 1486 non
248 1422 353 1485 solum
381 1420 459 1483 haec
487 1420 533 1483 eis
563 1422 698 1503 optares,
728 1420 785 1484 sed
813 1420 858 1485 eis
886 1420 926 1485 ad
953 1422 1031 1485 haec
1059 1422 1128 1505 ipse
1156 1426 1304 1507 praeires.

155 1528 203 1593 sic
227 1547 319 1593 omne
348 1527 431 1609 apud
459 1546 517 1591 nos
544 1529 619 1591 tuae
647 1526 811 1609 petitionis
840 1527 1004 1612 negotium
1029 1548 1101 1594 curn
1130 1550 1245 1616 magno
1274 1536 1306 1597 et

114 1654 233 1699 rosano
271 1634 387 1718 gaudio
424 1634 582 1709 finiretur;
620 1634 665 1700 sic
702 1635 791 1698 illam
825 1635 995 1700 caelestem
1026 1638 1171 1718 patriam,
1210 1658 1305 1721 quam

155 1761 231 1806 curn
261 1742 445 1806 intuendam
478 1760 550 1807 esso
583 1740 759 1817 suaderem,
792 1741 895 1805 libens
928 1744 960 1807 te
994 1744 1156 1825 accepisse
1188 1745 1304 1825 dixisti,

156 1867 192 1912 er
219 1849 316 1913 huius
344 1849 451 1924 etiam,
480 1866 560 1930 quae
582 1850 615 1911 te
643 1847 810 1911 carnaliter
838 1847 957 1932 genuit,
980 1868 1056 1913 uera
1080 1852 1112 1914 et
1134 1850 1186 1933 pia
1209 1852 1306 1917 dilec-

155 1955 242 2020 tione
283 1955 472 2038 promereris
513 1974 588 2019 uere
630 1955 797 2019 consulens
840 1956 905 2020 tuis
947 1974 1009 2021 non
1051 1956 1090 2021 ad
1131 1958 1305 2024 uanitatem

154 2062 297 2127 laetitiae
315 2061 499 2145 temporalis
523 2080 581 2126 nec
606 2060 644 2125 ad
667 2060 890 2144 impunitatem
913 2061 1214 2143 perniciosissimam
1239 2084 1305 2129 soe·

117 2190 139 2229 rr
156 2167 232 2232 leris
257 2168 312 2233 sed
336 2169 374 2233 ad
399 2170 533 2253 gratiam
557 2167 767 2250 sempiternae
790 2168 964 2233 felicitatis.

80 2271 111 2330 ll
201 2275 311 2340 Habes
334 2276 491 2359 expositas
519 2276 549 2339 in
577 2274 637 2339 bac
660 2294 757 2339 causa
780 2275 987 2359 cogitationes
1013 2280 1046 2340 et
1068 2280 1145 2341 uota
1167 2278 1304 2360 pectoris

157 2382 231 2448 mei.
265 2381 341 2463 quid
373 2386 479 2447 autern
510 2383 609 2446 lateat
640 2382 671 2446 in
700 2381 832 2447 consilio
862 2381 922 2460 dei,
955 2382 1066 2460 fateor,
1099 2382 1192 2449 homo
1222 2402 1303 2459 sum,

156 2488 280 2565 nesci03
304 2488 360 2553 sed
379 2489 555 2553 certissime
579 2490 656 2567 soie,
681 2488 832 2571 quicquid
855 2488 937 2552 illud
960 2491 1018 2567 est,
1041 2488 1076 2552 id
1095 2508 1164 2553 esse
1186 2489 1304 2555 iustius

158 2597 253 2676 atque
281 2596 455 2677 sapientius
480 2600 512 2660 et
534 2596 715 2661 firmissime
741 2596 920 2659 stabilitum
943 2595 1183 2677 incomparabili
1207 2597 1304 2661 excel-

115 2724 140 2761 so
157 2701 254 2764 lentia
285 2720 359 2785 prae
387 2701 534 2766 omnibus
562 2701 723 2765 mentibus
751 2700 925 2765 bominum.
959 2704 1149 2765 uerum-est
1176 2702 1302 2784 quippe,

157 2808 241 2889 quod
264 2808 384 2892 legitur
400 2808 433 2871 in
456 2808 546 2872 libris
569 2808 702 2872 nostris:
726 2807 884 2871 Multae
904 2807 1185 2890 cogitationes
1209 2812 1304 2870 sunt

156 2916 194 2978 in
223 2916 343 2979 corde
375 2915 466 2991 uiri,
499 2914 721 2980 consilinm
754 2918 888 2978 autern
921 2913 1072 2978 domini
1105 2916 1237 2978 manet
1265 2914 1302 2977 in

157 3026 371 3087 aeternum.
405 3022 536 3103 preinde
564 3021 640 3103 quid
667 3024 795 3104 tempus
824 3020 954 3098 adferat,
983 3018 1059 3101 quid
1086 3019 1177 3085 nobis
1204 3020 1303 3085 iacul-

156 3130 233 3192 tatis
269 3131 327 3192 ant
362 3127 561 3192 difficultatis
598 3126 726 3206 oriatur,
756 3126 833 3209 quid
861 3130 1021 3210 postremo
1059 3126 1236 3191 uoluntatis
1269 3146 1304 3191 ex

115 3256 139 3295 a
156 3254 260 3299 rerum
301 3234 515 3319 praesentium
553 3236 606 3299 uel
643 3235 835 3299 correctione
872 3234 923 3297 uel
967 3252 1021 3316 spe
1056 3233 1164 3297 subito
1200 3234 1304 3315 possit

157 3343 300 3421 existere,
328 3344 434 3405 utrum
464 3341 542 3407 deus
570 3342 617 3406 sic
645 3341 828 3425 indignetur
855 3340 906 3405 his
934 3340 1038 3418 factis,
1066 3342 1103 3404 ut
1132 3358 1178 3415 ea,
1208 3359 1303 3422 quam

157 3452 279 3532 petunt,
320 3449 510 3532 impunitate
554 3449 658 3531 magis
700 3448 907 3528 seueriusque
943 3446 1127 3530 puniantur,
1172 3466 1209 3511 an
1246 3447 1302 3511 illo

157 3555 261 3634 modo,
286 3574 348 3637 quo
367 3556 458 3620 nobis
476 3556 592 3637 placet,
617 3554 828 3620 cohercendos
847 3552 1092 3617 misericorditer
1110 3552 1240 3631 iudicet,
1265 3572 1302 3616 an

158 3660 262 3744 aliqua
293 3660 411 3726 acriore
444 3660 500 3726 sed
533 3660 707 3725 salubriore
736 3678 844 3725 eorum
877 3659 1082 3742 praecedente
1111 3659 1302 3724 conectione
1384 3696 1386 3699 ·

118 3794 140 3832 a
158 3785 214 3831 nec
237 3768 277 3831 ad
303 3768 467 3832 hominum
496 3768 551 3832 sed
584 3767 624 3832 ad
652 3786 743 3831 snam
771 3765 1022 3831 misericordiam
1046 3766 1152 3831 ueraci
1176 3785 1303 3831 conuer-

243 3994 313 4048 6-7
334 3998 361 4047 et
381 3994 484 4048 10-11
506 3992 538 4047 of.
558 4010 584 4062 p.
604 3994 665 4058 579,
685 3994 791 4047 14-16
847 3993 880 4045 21
902 3991 983 4047 Pron.
1005 3991 1046 4057 19,
1066 3991 1098 4044 21

193 4118 224 4171 13
244 4118 413 4187 promereris,
433 4119 498 4170 rru2
516 4118 694 4186 promerueris
718 4118 754 4184 V;
773 4116 984 4186 promerererisa
1036 4115 1068 4168 18
1087 4113 1135 4168 sed
1154 4115 1303 4170 certissime

158 4206 210 4259 scio
229 4224 281 4262 om.
299 4206 355 4261 VU
370 4208 413 4271 (in
430 4224 517 4277 marp.
538 4207 615 4274 odd.)
637 4206 647 4259 l
655 4223 706 4259 rm
761 4208 830 4275 esse]
852 4210 894 4259 est
915 4204 936 4255 V
955 4206 1023 4259 lrm
1059 4204 1093 4257 27
1112 4206 1218 4272 petunt,
1234 4220 1302 4259 corr.

156 4298 252 4364 putant
275 4294 301 4348 U
359 4296 394 4350 28
412 4296 491 4350 nobis
509 4298 541 4350 ira
558 4313 625 4362 rae,
642 4294 700 4363 fait
717 4296 805 4364 magis
829 4294 856 4347 U
871 4294 957 4363 magis
982 4291 1078 4346 Vter
1136 4294 1170 4347 29
1190 4295 1302 4363 acriore]

158 4382 261 4437 duriore
281 4400 314 4437 ex
332 4399 402 4439 corr.
426 4384 450 4437 V
468 4383 574 4438 denote
594 4383 653 4437 edd.
