3092 5217
480 506 746 577 epistularum
775 505 896 560 oxvnr.
1195 509 1255 572 691

115 722 237 785 corpus,
252 702 336 766 unde
349 702 455 784 imago
470 699 592 777 flueret,
607 703 723 783 quanto
739 699 873 766 solidius
889 704 947 778 est,
962 704 1174 782 praestantius
1189 723 1259 770 esse

114 809 283 874 indicetur!
306 808 442 890 ideoque
460 807 631 872 fluctuauit
650 807 729 884 eins,
753 807 839 872 sicut
857 807 911 873 inti
931 807 1049 886 dicunt,
1071 810 1259 892 notauitque

113 916 280 993 sententia,
312 919 350 980 nt
381 914 548 997 aliqnando
581 917 726 979 naturam
762 913 929 997 quandam,
963 913 1000 979 de
1034 934 1095 997 qua
1126 915 1260 981 fluerent

112 1023 276 1108 imagines,
305 1022 398 1086 deum
427 1041 497 1086 esse
525 1021 654 1100 diceret,
683 1022 737 1105 qui
765 1025 871 1086 tamen
900 1021 1033 1106 cogitari
1060 1041 1122 1088 non
1149 1028 1259 1106 posset

86 1130 174 1194 ruisi
201 1149 257 1213 per
280 1147 333 1193 eas
359 1128 527 1212 imagines,
551 1148 629 1212 quas
658 1128 763 1192 fundit
787 1146 823 1192 ac
850 1127 960 1204 mittit,
988 1127 1021 1192 id
1045 1132 1094 1194 est
1117 1149 1197 1212 quae
1221 1131 1259 1195 da

112 1237 166 1300 illa
194 1238 317 1314 natura,
341 1254 436 1317 quam
459 1235 566 1300 nescio
590 1254 685 1317 quam
710 1253 891 1318 corpoream
914 1239 947 1299 et
974 1235 1199 1318 sempiternam
1223 1256 1259 1301 ac

112 1363 166 1426 per
184 1343 245 1408 hoc
264 1342 361 1406 etiam
380 1342 521 1406 diuinam
545 1345 648 1424 putet,
673 1342 765 1424 qnasi
784 1341 912 1423 uaporis
933 1341 1142 1406 similitudine
1161 1343 1260 1407 conti-

112 1469 174 1514 nua
205 1451 296 1514 uelut
329 1449 525 1513 emanatione
557 1448 714 1512 ferrentur
741 1452 773 1512 et
804 1447 948 1512 uenirent
980 1451 1074 1530 atque
1106 1449 1260 1513 intrarent

111 1557 141 1620 in
173 1556 296 1621 animos
333 1560 470 1632 nostros,
506 1557 544 1619 ut
576 1556 670 1620 deum
708 1554 761 1619 uel
794 1555 870 1619 deos
904 1554 1043 1638 cogitare
1079 1573 1257 1638 possemus.

73 1684 95 1720 ιο
111 1663 231 1727 nullam
264 1663 346 1727 onim
384 1663 478 1726 aliam
515 1682 644 1728 causam
681 1663 855 1728 cuiuslibet
891 1662 1094 1746 cogitationis
1132 1665 1258 1728 nostrae

111 1769 279 1852 opinantur
305 1769 370 1846 isti,
400 1769 462 1833 nisi
490 1787 563 1834 cum
592 1769 630 1834 ab
659 1769 709 1834 bis
738 1769 934 1850 corporibus,
962 1787 1043 1851 quae
1067 1769 1259 1854 cogitamus,

109 1876 245 1940 ueniunt
267 1877 362 1958 atque
385 1876 503 1940 intrant
525 1876 681 1960 imagines
709 1876 740 1939 in
770 1875 892 1940 animos
921 1877 1057 1952 nostros,
1083 1876 1173 1958 quasi
1196 1896 1257 1941 non

110 1983 214 2047 multa
242 2001 279 2048 ac
305 2000 402 2066 prope
431 1982 673 2046 innumerabilia
697 1982 875 2066 cogitentur
901 1981 1139 2063 incorporaliter
1164 1987 1259 2064 atque

109 2089 363 2172 intellegibiliter
390 2088 429 2152 ab
454 2089 511 2163 eis,
536 2089 590 2170 qui
613 2089 691 2154 talia
714 2089 854 2173 cogitare
882 2090 1048 2166 nonerunt,
1078 2089 1164 2154 sicut
1189 2091 1259 2172 ipsa

70 2195 267 2277 asapiencia
294 2198 326 2259 et
356 2197 486 2261 ueritas.
519 2215 614 2278 quam
648 2195 675 2260 si
702 2195 758 2259 isti
786 2214 847 2260 non
876 2195 1028 2280 cogitant,
1062 2195 1168 2272 miror,
1196 2216 1258 2279 quo

108 2301 205 2366 modo
230 2302 268 2366 de
294 2302 352 2366 illa
376 2307 549 2384 utcumque
572 2303 749 2384 disputent3
780 2301 808 2365 si
832 2303 938 2366 autem
963 2301 1114 2386 cogitant,
1142 2301 1257 2367 uellem

108 2409 190 2472 mihi
209 2408 357 2487 dicerent,
380 2410 435 2474 uel
454 2409 492 2473 de
511 2429 572 2492 quo
593 2427 721 2492 corpore
744 2409 799 2472 uel
821 2407 925 2490 qualis
948 2407 981 2472 in
1005 2426 1113 2472 eorum
1137 2410 1258 2474 animos

108 2515 220 2580 ueniat
240 2516 345 2600 imago
369 2515 525 2580 ueritatis.

31 2621 66 2683 28
153 2621 356 2705 Quamquam
389 2622 592 2687 Democritus
625 2621 721 2686 etiam
753 2623 813 2686 hoc
847 2620 964 2686 distare
995 2621 1027 2685 in
1061 2621 1259 2686 naturalibus

67 2745 91 2783 n
109 2728 351 2810 quaestionibus
375 2729 414 2793 ab
438 2729 575 2812 Epicuro
599 2728 726 2806 dicitur,
750 2727 835 2810 quod
857 2727 918 2792 iste
942 2728 1041 2792 sentit
1063 2728 1167 2792 inesse
1187 2745 1257 2791 con·

109 2835 250 2900 cursioni
270 2839 449 2900 atomorum
467 2836 534 2900 nim
555 2834 712 2917 quandam
736 2834 905 2898 animalem
925 2837 957 2898 et
980 2833 1172 2916 spirabilem,
1196 2851 1259 2915 qna

108 2942 142 3005 ui
166 2961 241 3006 eum
265 2941 358 3006 credo
383 2944 415 3006 et
437 2941 615 3024 ‘imagines'
637 2941 723 3022 ipsas
745 2940 923 3005 ‘diuinitate
950 2941 1121 3024 praeditas‘
1144 2939 1257 3014 dicere,

107 3067 170 3112 non
196 3067 307 3112 omnes
336 3049 478 3114 omnium
505 3066 609 3112 rerum
639 3047 861 3126 scolecium,
890 3051 922 3111 et
945 3047 1109 3131 ‘principia
1131 3045 1259 3110 mentis’

198 3308 216 3361 2
236 3307 268 3361 cf.
289 3305 343 3364 Cic.
364 3307 397 3361 de
415 3311 472 3361 nat.
491 3308 516 3361 d.
536 3306 549 3360 1
570 3308 611 3368 12.
635 3307 683 3370 29;
702 3308 746 3372 43,
767 3309 818 3362 120
891 3308 923 3362 21
945 3306 978 3364 cf.
998 3307 1053 3364 cic.
1072 3306 1106 3362 de
1123 3309 1179 3360 nat.
1199 3305 1257 3359 d.1

106 3400 150 3461 43,
173 3398 227 3452 120

144 3522 157 3574 1
179 3519 288 3590 qnando
303 3519 330 3574 A
402 3520 639 3589 praestantiusque
653 3520 680 3573 P
690 3538 708 3574 o
719 3521 902 3590 praestantius
922 3536 1028 3589 quoque
1039 3519 1078 3587 es
1087 3521 1166 3572 tanto
1179 3535 1256 3588 prae·

106 3610 229 3664 stantius
248 3624 354 3679 quoque
374 3609 385 3663 l
392 3627 443 3662 rm
497 3611 513 3662 2
532 3609 648 3679 ideoque
668 3614 731 3678 (que
749 3626 770 3663 e.
790 3625 816 3662 u.
836 3626 869 3662 nr.
885 3615 916 3662 at
933 3608 992 3661 uid.
1013 3609 1042 3679 2)
1061 3607 1098 3661 Ρι
1170 3613 1258 3662 muta·

106 3699 204 3767 aitque
223 3698 251 3750 A
304 3697 384 3752 toni
403 3700 430 3751 A
503 3696 625 3752 dicerent
643 3697 701 3750 RV
777 3713 846 3767 quaa
865 3699 892 3750 A
911 3697 975 3767 quia
997 3697 1024 3749 V
1092 3697 1212 3766 cogitare
1231 3699 1258 3750 A

105 3785 384 3851 comittitPeud,
403 3787 438 3854 cf.
461 3786 515 3840 Cic.
536 3786 645 3840 deaut.
665 3787 690 3840 d.
710 3785 732 3839 I
746 3789 783 3838 12
801 3788 841 3839 29
895 3785 1021 3840 baacM
1073 3787 1190 3838 'letiam
1209 3803 1258 3855 por

104 3876 159 3930 hoc
177 3875 241 3929 edd.
314 3874 519 3929 similitudinem
538 3875 615 3929 codd.
636 3892 655 3928 a
722 3875 738 3929 8
758 3876 931 3937 eminatione
950 3879 1015 3928 m.2
1033 3874 1204 3928 emanatione
1223 3875 1260 3927 ll

107 3966 140 4020 10
160 3965 352 4033 cogitationes,
371 3969 435 4017 Μ
453 3965 627 4034 cogitationis
646 3963 683 4017 M
790 3964 822 4017 12
842 3964 954 4018 ueniant
972 3968 1054 4032 atque
1072 3963 1178 4016 intrant
1194 3964 1256 4017 MA

105 4055 223 4108 ueniant
241 4059 322 4122 atquc
339 4054 444 4107 intrent
461 4054 489 4109 R
563 4055 596 4106 14
614 4053 657 4106 his
677 4055 703 4106 A
779 4054 810 4106 16
829 4055 972 4122 utrumque
996 4051 1019 4102 V
1093 4053 1125 4104 17
1145 4051 1255 4111 diceret.

106 4159 178 4197 corr.
196 4145 258 4197 m.1
276 4140 397 4195 dicerent
414 4142 452 4195 Μ
504 4159 614 4210 corpora
633 4143 661 4194 A
717 4141 750 4195 18
768 4142 881 4195 ueniant
899 4141 936 4194 M
987 4141 1019 4194 21
1042 4143 1070 4193 et
1087 4140 1254 4210 spirabilem]

105 4221 177 4285 11,ss
203 4229 331 4300 spirabile
355 4235 383 4283 et
407 4231 529 4300 spiritale
547 4231 585 4283 M
600 4220 670 4284 A'EB
694 4230 818 4299 spiritale
838 4233 866 4283 et
885 4229 1007 4299 spiritale
1026 4229 1107 4295 (siclt
1125 4229 1153 4281 A
1171 4228 1255 4296 spira-

105 4320 191 4374 bilem
211 4321 240 4372 et
253 4318 421 4388 spiritualem
436 4319 464 4373 R
479 4322 506 4373 et
520 4319 669 4389 spiritalem
682 4318 778 4372 PP¹V
790 4318 850 4372 edd.
865 4323 1025 4388 praeterera
1047 4316 1082 4384 cf.
1101 4315 1157 4370 Oic.
1176 4315 1255 4369 Tuae.

106 4411 178 4478 disp.
199 4408 279 4471 118,
302 4411 353 4475 42,·
370 4411 414 4472 17,
437 4408 604 4462 AOdcnot.
624 4409 650 4464 d.
670 4408 709 4461 ΙΙ
726 4411 773 4476 36,
796 4409 829 4461 91

1166 4508 1217 4563 44*
