3092 5217
465 511 730 582 epistularum
757 510 851 565 LXIX.
1165 513 1230 576 245

104 711 259 786 inuentum,
286 711 334 786 nt,
363 709 448 790 quod
475 708 508 771 in
536 707 606 772 eius
634 706 727 772 corde
758 706 887 770 diuinus
911 725 1014 770 sermo
1040 703 1229 782 aedificauit,

104 833 283 898 nequaquam
304 817 482 897 tempestas
504 812 602 878 huius
625 809 845 895 temptationis
873 811 1039 888 euerteret
1068 809 1115 874 sic
1142 813 1230 892 opta-

103 941 165 986 mus
186 927 216 984 et
235 921 442 1004 deprecamur
463 939 482 984 a
505 919 642 999 domino,
666 923 703 984 ut
725 917 932 1001 consequenti
950 918 1019 982 uite
1037 919 1070 982 et
1087 916 1229 982 moribus

103 1029 162 1092 suis
190 1028 288 1110 magis
320 1028 489 1111 magisque
520 1027 670 1103 declaret,
697 1045 792 1108 qnam
820 1025 898 1090 bene
927 1028 1076 1108 gesturus
1103 1023 1228 1102 fuisset,

78 1133 176 1216 equod
203 1134 342 1216 profecto
374 1137 508 1218 gereret,
536 1133 565 1198 si
588 1133 649 1198 boc
672 1133 876 1216 oportuisset.
903 1132 1096 1196 retribuetur
1119 1128 1147 1194 ei
1161 1149 1230 1213 par

102 1244 220 1318 aeterne,
252 1260 333 1322 quae
366 1241 524 1324 promissa
550 1245 602 1305 est
628 1241 792 1317 ecclesiae,
821 1240 876 1322 qui
903 1238 1059 1304 intellexit
1081 1237 1143 1302 sibi
1167 1256 1228 1302 non

101 1346 237 1430 expedire,
261 1347 347 1430 quod
369 1347 440 1430 paci
461 1366 523 1412 non
546 1345 732 1429 expediebat
753 1345 916 1412 ecclesiae.

38 1445 52 1507 2
138 1454 180 1518 l'n
210 1473 294 1531 uero,
327 1454 374 1518 lili
406 1455 580 1532 canssime,
612 1473 674 1518 non
707 1452 864 1518 mediocre
893 1451 1046 1536 gaudium
1073 1453 1228 1528 nostrum,

102 1561 148 1642 qni
172 1562 254 1624 nulla
280 1562 338 1626 tali
361 1561 550 1627 necessitate
574 1581 592 1625 a
615 1558 819 1643 suscipiendo
843 1559 1030 1641 episcopatu
1052 1555 1228 1640 impellite,

70 1689 88 1727 n
102 1667 182 1732 decet
208 1667 346 1732 indolem
373 1672 464 1733 tuam
492 1667 619 1733 Christo
645 1667 679 1732 in
705 1670 738 1730 te
766 1653 881 1744 dicare,
906 1664 990 1747 quod
1014 1663 1112 1729 dedit.
1140 1664 1228 1748 inge-

101 1773 176 1838 rinm
201 1775 315 1858 quippe
343 1779 446 1852 tuum,
474 1774 651 1858 prudentia,
679 1771 870 1856 eloquentia,
895 1772 1047 1857 grauitas,
1072 1771 1227 1837 sobrietas

102 1886 129 1944 ct
158 1886 265 1961 cetere,
298 1883 416 1964 quibus
449 1885 598 1947 ornantur
629 1900 733 1946 mores
765 1881 824 1959 tui,
857 1880 939 1946 dorna
971 1883 1046 1944 sunt
1078 1878 1138 1946 dei.
1176 1877 1228 1943 cui

101 1989 201 2053 nebus
231 1989 376 2054 seruiunt
407 2009 503 2072 quam
529 1989 590 2066 illi,
618 2009 637 2054 a
664 2007 726 2070 quo
754 1989 983 2065 tribulosum,
1007 1991 1044 2052 ut
1067 1988 1229 2052 etcusto·

101 2095 211 2159 diantnr
240 2099 272 2159 et
304 2099 481 2180 augeantur
513 2100 545 2160 et
576 2093 779 2179 perficiantur
811 2097 1132 2159 etremunerentur?
1165 2111 1227 2157 non

69 2223 87 2262 rs
101 2203 226 2266 cendant
246 2203 321 2268 huic
343 2205 482 2284 saeculo,
506 2222 544 2267 ne
566 2207 739 2267 uanescunt
756 2221 830 2266 cum
848 2201 905 2265 illo
925 2203 1019 2282 etque
1039 2200 1227 2284 dispereant.

101 2329 152 2373 non
179 2308 233 2374 diu
261 2313 369 2374 tecum
402 2310 433 2373 in
466 2311 525 2375 hoc
554 2308 712 2394 agendum
739 2309 899 2385 nouimus,
929 2310 1046 2390 quanta
1072 2308 1229 2374 facilitate

101 2414 262 2482 consideres
294 2435 368 2500 spes
395 2416 536 2481 inanium
564 2416 728 2480 hominum
757 2418 790 2480 et
812 2414 1010 2481 insatiabiles
1034 2416 1226 2499 cupiditates

100 2530 126 2585 et
143 2524 287 2588 incertum
323 2524 432 2589 uitam.
466 2525 557 2590 abice
583 2523 682 2608 igitur
708 2541 745 2588 ex
773 2523 888 2602 animo,
913 2523 1064 2606 quicquid
1087 2527 1226 2590 terrenae

100 2636 181 2711 atque
217 2630 316 2699 falsae
351 2629 516 2696 felicitatis
553 2629 769 2713 expectatione
802 2634 1002 2712 conceperet;
1035 2649 1162 2712 operare
1194 2633 1226 2699 in

68 2754 87 2793 u
101 2754 163 2818 agro
191 2736 251 2816 dei,
277 2737 335 2803 ubi
363 2741 469 2802 certus
496 2741 547 2804 est
572 2736 707 2814 fructus,
735 2737 791 2802 ubi
819 2741 885 2804 tem
912 2739 1015 2804 multa
1041 2743 1129 2804 tanto
1153 2745 1225 2806 ante

99 2843 239 2923 promissa
269 2844 428 2927 complete
459 2849 546 2923 sunt,
582 2848 620 2909 nt
655 2864 702 2922 ea,
741 2863 822 2926 quae
858 2848 988 2921 restant,
1025 2845 1226 2912 insanissime

100 2947 297 3030 desperentur.
329 2949 534 3015 obsecramus
561 2953 593 3014 tc
616 2961 676 3032 per'
695 2949 814 3016 Christi
838 2949 1037 3017 diuinitatem
1062 2956 1095 3016 et
1116 2951 1226 3017 huma-

99 3056 223 3135 nitatem,
242 3077 298 3140 per
314 3075 427 3139 pacem
446 3057 593 3122 caelestis
610 3057 699 3122 illius
718 3057 870 3134 ciuitatis,
890 3057 972 3122 unde
991 3058 1225 3141 peregrinantes

99 3161 189 3228 labore
209 3164 377 3248 temporali
400 3166 559 3229 aeternam
581 3163 723 3246 requiem
746 3182 977 3248 comparamus,
997 3165 1084 3230 utin
1105 3165 1225 3246 episco-

68 3271 192 3348 epatum
214 3271 402 3356 Bagaiensis
425 3270 579 3336 ecclesiae
601 3271 690 3336 fratri
712 3276 769 3335 tuo
792 3290 853 3337 non
873 3270 1082 3355 ignominiose
1101 3271 1225 3338 cadenti

99 3373 144 3438 sed
176 3376 310 3460 gloriose
348 3377 475 3442 cedenti
510 3377 674 3442 succedas.
715 3377 807 3459 plebs
842 3377 908 3456 ille,
952 3378 1004 3443 cui
1044 3397 1100 3462 per
1135 3381 1224 3442 tuem

99 3485 219 3548 nentem
240 3503 278 3549 ae
294 3485 438 3568 linguam
457 3485 548 3550 donis
567 3484 618 3550 dei
635 3484 836 3550 fecundatam
857 3489 889 3549 et
907 3487 1048 3550 ornatam
1067 3485 1225 3550 uberrime

99 3587 270 3656 incrementa
297 3611 472 3674 speramns,
500 3591 532 3655 in
561 3595 593 3656 te
620 3592 787 3675 intellegat
814 3592 943 3656 fratrem
966 3595 1057 3655 tuum
1082 3610 1144 3656 non
1167 3611 1223 3675 pro

127 3883 210 3939 tnita
232 3885 361 3947 moribus,
383 3890 444 3939 nul
466 3902 535 3940 cerr.
558 3886 618 3940 uita
636 3889 665 3940 et
683 3885 802 3939 moribus
826 3885 854 3940 U
939 3888 1055 3956 dquam
1074 3887 1106 3942 ior
1123 3888 1226 3942 rcaV

100 3970 255 4026 bsiethoc
274 3975 315 4041 (et
330 3973 364 4027 ie
379 3975 449 4044 ras.)
472 3973 537 4028 Vei
555 3975 583 4028 in
600 3973 698 4030 hocU
750 3975 784 4028 12
803 3977 893 4027 cetera
911 3990 962 4028 om.
985 3973 1012 4028 U
1066 3975 1098 4029 13
1118 3976 1143 4030 ei
1162 3975 1222 4030 edd.

126 4060 225 4115 turbata
241 4062 267 4116 Τ
302 4064 336 4117 15
355 4066 438 4133 etque
456 4061 611 4132 dispereant
629 4079 688 4117 cum
706 4061 804 4116 illoU
857 4066 938 4131 etque
958 4081 1008 4118 cm.
1026 4063 1052 4117 Τ
1088 4064 1121 4117 16
1140 4081 1222 4134 agen-

100 4143 606 4219 dunnlagenddeteinrae.m.2)V
655 4152 687 4205 18
702 4151 810 4221 ergoT
860 4152 1000 4221 ibatque]
1022 4151 1094 4205 otU
1159 4169 1222 4206 con-

101 4242 198 4304 teperet,
215 4255 284 4296 corr.
298 4243 360 4295 m.1
377 4255 536 4309 conceperas
559 4239 766 4310 Vconcepcrus
790 4240 817 4294 U
874 4241 907 4294 21
928 4241 1063 4309 complete
1080 4243 1144 4294 sunt
1162 4259 1223 4312 pro-

99 4324 167 4379 nissa
181 4327 238 4383 cdd.
276 4331 312 4384 '23
330 4330 390 4398 per]
410 4332 438 4383 et
454 4343 504 4399 per
527 4327 627 4399 V(per
644 4345 665 4383 s.
684 4346 711 4384 c.
729 4347 764 4383 m.
775 4334 799 4396 1)
824 4329 851 4383 U
884 4331 920 4384 24
938 4330 967 4384 in
985 4329 1143 4400 episcopatu
1163 4330 1223 4384 cdd.

100 4413 127 4467 ti
142 4418 288 4486 segnensis
306 4418 386 4474 cedd.
405 4418 465 4474 ecc.
537 4419 570 4474 28
589 4436 638 4491 pro
657 4437 707 4475 em.
731 4417 758 4472 U
