3092 5217
483 468 748 538 epistularum
777 470 876 525 XCIII.
1186 476 1250 539 459

106 663 243 743 scripsit:
272 660 375 741 ‘Quod
412 663 574 740 uolumus,
599 667 744 729 sanctum
783 667 863 729 est'?
906 670 939 729 et
975 684 1057 731 nunc
1091 685 1150 731 non
1185 672 1253 732 erat

105 788 251 853 magnam
275 789 378 851 neque
402 769 531 835 difficile
556 771 753 835 considerare
778 776 873 854 atque
894 772 1031 856 cogitare
1053 772 1250 839 Constantini

105 875 256 954 judicium
289 881 384 958 atque
417 878 605 942 sententiam
638 881 746 942 contra
778 897 836 943 uos
870 878 988 961 uigere.
1022 899 1102 963 quae
1135 880 1251 945 uestris

88 983 274 1075 ,maioribus
299 984 513 1049 Caecilianum
537 984 621 1066 apud
644 984 867 1066 imperatorem
890 987 1008 1050 totiens
1028 987 1252 1051 accusantibus

80 1093 137 1153 set
161 1108 222 1153 non
251 1090 512 1155 connincentibns
540 1090 692 1155 aduersus
721 1112 780 1157 nos
808 1094 1009 1176 promulgata
1037 1097 1095 1171 est,
1120 1111 1251 1175 eamque

105 1197 279 1262 necessario
326 1198 417 1279 sequi
463 1201 586 1262 ceteros
632 1199 850 1280 imperatores,
896 1200 1030 1263 maxime
1077 1199 1252 1264 catholicos

108 1303 311 1383 Christianos,
345 1304 494 1386 quotiens
528 1305 566 1368 ‹le
601 1305 692 1369 uobis
725 1304 846 1387 aliquid
878 1324 971 1389 agere
1000 1308 1125 1371 uestrae
1154 1306 1251 1372 obsti-

108 1409 239 1474 nationis
262 1410 437 1475 necessitas
462 1410 560 1495 cogit.

42 1520 70 1577 15
146 1516 252 1581 Facile
277 1520 344 1581 erat
366 1518 429 1581 ista
453 1517 604 1601 cogitare,
623 1521 661 1581 nt
684 1518 776 1583 nobis
801 1518 879 1600 ipsis
899 1518 1069 1600 aliquando
1090 1518 1250 1585 diceretis:

73 1655 94 1690 o
108 1622 148 1687 ‘Si
171 1623 371 1688 Caecilianus
403 1624 456 1687 uel
490 1624 639 1689 innocens
671 1625 734 1688 fnit
770 1625 823 1688 uel
860 1642 976 1689 nocens
1014 1624 1159 1689 conuinci
1192 1645 1253 1689 non

109 1731 218 1814 potuit,
251 1732 327 1814 quid
355 1731 388 1795 in
416 1731 476 1796 boe
508 1732 637 1822 negotio
668 1734 734 1794 tam
766 1732 860 1815 louge
891 1732 1018 1814 lateque
1053 1731 1168 1797 diffusa
1204 1750 1254 1797 so-

109 1838 201 1901 cietas
241 1837 421 1903 Christiana
456 1838 623 1919 peccauit?
657 1856 713 1902 cur
744 1837 812 1902 orbi
845 1838 1024 1903 Christiano
1063 1856 1123 1903 non
1160 1837 1255 1902 licuit

109 1944 256 2027 ignorare,
282 1944 367 2026 qnod
390 1963 451 2009 non
474 1945 655 2026 potueruut,
681 1945 735 2027 qui
759 1947 997 2021 accusauerant,
1017 1943 1253 2009 demonstrare?

109 2068 160 2113 cur
189 2050 249 2119 illi.
284 2070 363 2133 quos
401 2050 547 2115 Christus
579 2051 609 2113 in
644 2068 718 2135 agro
748 2069 816 2124 suo,
845 2050 877 2115 id
906 2052 1014 2115 estin
1044 2051 1104 2115 hoc
1136 2051 1254 2116 mundo

76 2157 275 2229 esemInanit
303 2160 336 2221 et
360 2157 445 2219 inter
471 2157 590 2220 zizania
622 2174 762 2221 crescere
794 2176 896 2238 nsque
929 2156 968 2220 ad
1000 2174 1138 2221 messem
1167 2174 1253 2238 prae-

111 2263 199 2344 cepit,
233 2281 290 2327 cur
321 2266 371 2327 tot
401 2262 490 2327 milia
521 2261 662 2326 fidelium
690 2263 721 2327 in
751 2263 898 2328 omnibus
932 2263 1090 2348 gentibus,
1119 2282 1253 2345 qnorum

111 2370 341 2434 multitudinem
376 2369 479 2433 stellis
512 2370 590 2433 caeli
625 2373 657 2433 et
688 2369 822 2434 harenae
855 2371 951 2434 maris
986 2370 1132 2435 dominus
1170 2388 1255 2435 oom-

110 2477 238 2556 parauit,
272 2494 352 2557 quos
384 2476 415 2539 ia
453 2476 572 2539 semine
604 2476 748 2541 Abrabae
776 2476 1008 2542 benedicendos
1041 2476 1189 2559 promisit
1223 2480 1255 2540 et

112 2582 251 2660 reddidit,
286 2586 453 2664 propterea
489 2586 645 2667 negantur
682 2602 754 2649 esse
792 2584 973 2663 Christiani,
1013 2583 1087 2663 quia
1123 2582 1155 2646 in
1196 2583 1255 2645 bac

77 2724 97 2761 ,η
113 2708 210 2766 cansa,
243 2692 275 2753 iu
309 2708 373 2773 qna
399 2689 600 2754 discutienda
627 2710 688 2755 non
716 2690 937 2770 interfuerunt,
962 2688 1122 2754 iudicibus
1145 2688 1253 2770 potius

113 2814 165 2860 sno
196 2797 339 2879 periculo
373 2796 588 2862 indicantibus
621 2815 716 2878 qnam
749 2797 846 2861 uictis
878 2796 1094 2879 litigatoribus
1130 2793 1254 2859 credere

113 2902 306 2967 maluerunt?
344 2907 430 2967 certe
466 2904 587 2967 nullius
625 2903 742 2967 crimen
776 2904 927 2967 maculat
948 2904 1151 2967 nescientem.
1191 2918 1254 2983 quo

114 3010 199 3074 modo
230 3010 341 3075 fideles
369 3012 438 3076 toto
467 3011 541 3075 orbe
569 3010 677 3075 diffusi
706 3010 824 3074 crimen
852 3008 1041 3074 traditorum
1065 3025 1255 3091 cognoscere

113 3120 260 3197 poterant,
299 3116 383 3198 quod
420 3120 632 3194 accusatores,
670 3118 766 3181 etiam
805 3116 832 3181 si
869 3118 1031 3192 nouerant,
1069 3118 1174 3178 tamen
1208 3113 1254 3176 eis

81 3256 101 3291 a
116 3222 271 3287 ostendere
303 3241 365 3288 non
394 3222 564 3287 ualebant?
587 3222 646 3287 hos
671 3241 744 3305 ergo
770 3222 892 3286 abhoc
917 3220 1047 3285 crimine
1071 3218 1255 3283 innocentes

117 3348 178 3394 esso
200 3348 312 3411 nempe
335 3329 406 3412 ipsa
427 3329 603 3414 ignorantia
626 3328 777 3392 facillime
801 3327 950 3393 ostendit.
984 3345 1039 3391 cnr·
1067 3343 1140 3409 ergo
1168 3324 1255 3388 inno-

117 3442 214 3502 eentes
242 3437 334 3501 falsis
362 3435 546 3500 criminibus
575 3438 776 3502 accusantur.
805 3434 879 3516 qnia
908 3433 1039 3498 erimina
1066 3433 1168 3496 aliena
1198 3450 1253 3495 seu

200 3630 232 3680 14
250 3627 350 3681 naeth.
372 3629 414 3689 13,
434 3626 540 3681 24-30
598 3628 629 3680 16
649 3624 715 3679 Gen.
736 3627 779 3687 22,
801 3626 905 3678 17-18

150 3752 164 3804 3
182 3752 280 3820 uigere,
299 3756 360 3805 m.1
377 3767 465 3820 supro
482 3752 497 3803 l
514 3752 607 3804 uiuere
625 3750 654 3803 R
672 3751 764 3803 uiuere
785 3749 820 3801 M
839 3752 918 3811 (corr.
938 3765 972 3801 m.
987 3753 1019 3801 ut
1037 3746 1094 3800 uid.
1119 3752 1130 3798 1
1152 3746 1255 3815 uigere)

120 3839 242 3893 ACPNL
331 3838 614 3893 bononiae-entibus
633 3838 701 3908 (fait
719 3839 740 3904 i)
759 3838 795 3890 Μ
893 3853 945 3907 que
969 3852 1020 3889 our.
1043 3834 1260 3903 MACPLaes

120 3931 134 3979 11
151 3928 199 3982 erit
218 3932 241 3980 A
331 3926 407 3981 istud
424 3926 452 3980 R
529 3928 563 3981 10
582 3926 636 3980 init
654 3928 699 3980 nel
716 3927 847 3980 innocens
866 3926 910 3980 nel
930 3942 1029 3979 uoccns
1049 3924 1171 3979 conniuci
1190 3923 1255 3992 (luit

121 4016 164 4073 del.
181 4035 215 4070 ra.
226 4021 256 4081 2)
274 4018 302 4070 P
318 4016 363 4069 nel
383 4016 511 4069 innocens
529 4016 574 4070 nel
592 4032 691 4069 nocens
709 4015 764 4068 fnit
784 4019 812 4068 et
830 4015 954 4069 conninci
973 4014 998 4066 L
1077 4015 1109 4065 13
1129 4014 1175 4082 qui
1195 4030 1255 4079 orio,

120 4106 225 4176 m.1(?)
244 4107 309 4161 odd.
328 4106 367 4159 M·
425 4107 458 4159 15
475 4106 548 4158 intra
566 4105 592 4157 L
655 4105 689 4158 19
707 4104 848 4159 christiani
867 4120 925 4157 esse
943 4104 972 4157 R
1032 4102 1255 4171 alligatoribus,

122 4200 176 4248 m.2
192 4195 375 4264 litigatoribus
391 4195 421 4247 Ῥ
473 4196 508 4247 22
526 4194 657 4256 maculae,
676 4208 745 4247 corr.
764 4198 825 4247 ml
845 4192 964 4246 maculat
982 4190 1013 4244 N
1082 4191 1255 4245 nescientem

123 4290 145 4347 le
165 4300 196 4337 ea
217 4299 285 4339 corr.
308 4290 333 4337 et
354 4299 426 4348 ναις
443 4283 535 4350 fassae
556 4282 615 4334 aid.
641 4286 680 4348 es)
704 4281 738 4333 N
824 4281 858 4334 23
881 4278 978 4342 fidelis,
1007 4294 1076 4331 corr.
1105 4277 1198 4331 fideles
1221 4279 1258 4331 „u

123 4374 152 4424 1-3
169 4374 301 4430 innocens.
318 4376 384 4425 m.2
403 4372 561 4425 innocentes
579 4370 616 4423 M
