<?xml version="1.0" encoding="UTF-8"?>
<!DOCTYPE html PUBLIC "-//W3C//DTD XHTML 1.0 Transitional//EN"
    "http://www.w3.org/TR/xhtml1/DTD/xhtml1-transitional.dtd">
<html xmlns="http://www.w3.org/1999/xhtml" xml:lang="en" lang="en">
 <head>
  <title>
</title>
<meta http-equiv="Content-Type" content="text/html;charset=utf-8" />
  <meta name='ocr-system' content='tesseract 3.04.00' />
  <meta name='ocr-capabilities' content='ocr_page ocr_carea ocr_par ocr_line ocrx_word'/>
</head>
<body>
  <div class='ocr_page' id='page_1' title='image "./corpusscriptoru06wissgoog_0706.png"; bbox 0 0 3092 5217; ppageno 0'>
   <div class='ocr_carea' id='block_1_1' title="bbox 308 519 1115 590">
    <p class='ocr_par' dir='ltr' id='par_1_1' title="bbox 308 519 1115 590">
     <span class='ocr_line' id='line_1_1' title="bbox 308 519 1115 590; baseline -0.011 -5"><span class='ocrx_word' id='word_1_1' title='bbox 308 521 372 586; x_wconf 83' lang='grc'>684</span> <span class='ocrx_word' id='word_1_2' title='bbox 678 521 705 574; x_wconf 91' lang='lat' dir='ltr'>S.</span> <span class='ocrx_word' id='word_1_3' title='bbox 732 519 870 575; x_wconf 82' lang='lat' dir='ltr'><strong>Aureli</strong></span> <span class='ocrx_word' id='word_1_4' title='bbox 898 519 1115 590; x_wconf 74' lang='lat' dir='ltr'>Augustini</span> 
     </span>
    </p>
   </div>
   <div class='ocr_carea' id='block_1_2' title="bbox 256 713 1527 3365">
    <p class='ocr_par' dir='ltr' id='par_1_2' title="bbox 307 675 1527 2384">
     <span class='ocr_line' id='line_1_2' title="bbox 307 713 1441 800; baseline 0.009 -23"><span class='ocrx_word' id='word_1_5' title='bbox 307 713 401 778; x_wconf 82' lang='lat' dir='ltr'>ritate</span> <span class='ocrx_word' id='word_1_6' title='bbox 437 713 616 798; x_wconf 91' lang='lat' dir='ltr'>praeditum</span> <span class='ocrx_word' id='word_1_7' title='bbox 648 733 709 780; x_wconf 95' lang='lat' dir='ltr'>non</span> <span class='ocrx_word' id='word_1_8' title='bbox 745 716 818 780; x_wconf 84' lang='lat' dir='ltr'>fuit.</span> <span class='ocrx_word' id='word_1_9' title='bbox 856 719 981 782; x_wconf 90' lang='lat' dir='ltr'>tantum</span> <span class='ocrx_word' id='word_1_10' title='bbox 1013 717 1094 782; x_wconf 88' lang='lat' dir='ltr'>illud</span> <span class='ocrx_word' id='word_1_11' title='bbox 1127 717 1271 798; x_wconf 79' lang='lat' dir='ltr'>adtende,</span> <span class='ocrx_word' id='word_1_12' title='bbox 1304 719 1441 800; x_wconf 87' lang='lat' dir='ltr'>quoniam</span> 
     </span>
     <span class='ocr_line' id='line_1_3' title="bbox 307 819 1443 906; baseline 0.005 -22"><span class='ocrx_word' id='word_1_13' title='bbox 307 819 399 885; x_wconf 87' lang='lat' dir='ltr'>Plato</span> <span class='ocrx_word' id='word_1_14' title='bbox 428 841 447 885; x_wconf 91' lang='lat' dir='ltr'>a</span> <span class='ocrx_word' id='word_1_15' title='bbox 470 820 618 887; x_wconf 81' lang='lat' dir='ltr'>Cicerone</span> <span class='ocrx_word' id='word_1_16' title='bbox 646 823 757 886; x_wconf 82' lang='lat' dir='ltr'>multis</span> <span class='ocrx_word' id='word_1_17' title='bbox 786 823 889 890; x_wconf 90' lang='lat' dir='ltr'>modis</span> <span class='ocrx_word' id='word_1_18' title='bbox 918 825 1117 906; x_wconf 80' lang='lat' dir='ltr'>apertissime</span> <span class='ocrx_word' id='word_1_19' title='bbox 1141 825 1320 890; x_wconf 76' lang='lat' dir='ltr'>ostenditur</span> <span class='ocrx_word' id='word_1_20' title='bbox 1346 825 1377 889; x_wconf 92' lang='lat' dir='ltr'>in</span> <span class='ocrx_word' id='word_1_21' title='bbox 1401 821 1443 890; x_wconf 84' lang='lat' dir='ltr'>sa·</span> 
     </span>
     <span class='ocr_line' id='line_1_4' title="bbox 307 927 1527 1014; baseline 0.005 -24"><span class='ocrx_word' id='word_1_22' title='bbox 307 927 428 1010; x_wconf 90' lang='lat' dir='ltr'>pientia</span> <span class='ocrx_word' id='word_1_23' title='bbox 454 947 515 993; x_wconf 92' lang='lat' dir='ltr'>non</span> <span class='ocrx_word' id='word_1_24' title='bbox 542 928 681 992; x_wconf 89' lang='lat' dir='ltr'>humana</span> <span class='ocrx_word' id='word_1_25' title='bbox 709 929 766 993; x_wconf 90' lang='lat' dir='ltr'>sed</span> <span class='ocrx_word' id='word_1_26' title='bbox 788 930 881 1013; x_wconf 86' lang='lat' dir='ltr'>plane</span> <span class='ocrx_word' id='word_1_27' title='bbox 905 931 1023 1008; x_wconf 86' lang='lat' dir='ltr'>diuina,</span> <span class='ocrx_word' id='word_1_28' title='bbox 1051 931 1134 996; x_wconf 91' lang='lat' dir='ltr'>unde</span> <span class='ocrx_word' id='word_1_29' title='bbox 1157 933 1296 996; x_wconf 88' lang='lat' dir='ltr'>hnmana</span> <span class='ocrx_word' id='word_1_30' title='bbox 1319 931 1443 1014; x_wconf 89' lang='lat' dir='ltr'>quodam</span> <span class='ocrx_word' id='word_1_31' title='bbox 1526 943 1527 952; x_wconf 76' lang='grc'>’</span> 
     </span>
     <span class='ocr_line' id='line_1_5' title="bbox 308 1033 1444 1122; baseline 0.003 -25"><span class='ocrx_word' id='word_1_32' title='bbox 308 1033 401 1098; x_wconf 94' lang='lat' dir='ltr'>modo</span> <span class='ocrx_word' id='word_1_33' title='bbox 422 1034 655 1113; x_wconf 80' lang='lat' dir='ltr'>accenderetur,</span> <span class='ocrx_word' id='word_1_34' title='bbox 678 1036 708 1100; x_wconf 95' lang='lat' dir='ltr'>in</span> <span class='ocrx_word' id='word_1_35' title='bbox 733 1037 788 1101; x_wconf 88' lang='lat' dir='ltr'>illa</span> <span class='ocrx_word' id='word_1_36' title='bbox 811 1038 923 1120; x_wconf 90' lang='lat' dir='ltr'>utique</span> <span class='ocrx_word' id='word_1_37' title='bbox 947 1038 1102 1120; x_wconf 87' lang='lat' dir='ltr'>sapientia</span> <span class='ocrx_word' id='word_1_38' title='bbox 1124 1057 1252 1122; x_wconf 89' lang='lat' dir='ltr'>prorsus</span> <span class='ocrx_word' id='word_1_39' title='bbox 1276 1039 1444 1103; x_wconf 75' lang='lat' dir='ltr'>inmutabili</span> 
     </span>
     <span class='ocr_line' id='line_1_6' title="bbox 309 1115 1527 1224; baseline 0.001 -20"><span class='ocrx_word' id='word_1_40' title='bbox 309 1143 403 1222; x_wconf 89' lang='lat' dir='ltr'>atque</span> <span class='ocrx_word' id='word_1_41' title='bbox 431 1142 541 1206; x_wconf 90' lang='lat' dir='ltr'>eodem</span> <span class='ocrx_word' id='word_1_42' title='bbox 573 1143 667 1207; x_wconf 93' lang='lat' dir='ltr'>modo</span> <span class='ocrx_word' id='word_1_43' title='bbox 701 1161 826 1224; x_wconf 85' lang='lat' dir='ltr'>semper</span> <span class='ocrx_word' id='word_1_44' title='bbox 858 1163 892 1208; x_wconf 88' lang='lat' dir='ltr'>se</span> <span class='ocrx_word' id='word_1_45' title='bbox 924 1145 1058 1210; x_wconf 84' lang='lat' dir='ltr'>habente</span> <span class='ocrx_word' id='word_1_46' title='bbox 1089 1145 1221 1209; x_wconf 89' lang='lat' dir='ltr'>ueritate</span> <span class='ocrx_word' id='word_1_47' title='bbox 1250 1145 1478 1210; x_wconf 75' lang='lat' dir='ltr'>constituisses</span> <span class='ocrx_word' id='word_1_48' title='bbox 1526 1115 1527 1204; x_wconf 82' lang='lat' dir='ltr'>i</span> 
     </span>
     <span class='ocr_line' id='line_1_7' title="bbox 309 1247 1444 1328; baseline 0.004 -17"><span class='ocrx_word' id='word_1_49' title='bbox 309 1250 341 1311; x_wconf 89' lang='lat' dir='ltr'>et</span> <span class='ocrx_word' id='word_1_50' title='bbox 376 1247 471 1312; x_wconf 91' lang='lat' dir='ltr'>finem</span> <span class='ocrx_word' id='word_1_51' title='bbox 509 1249 583 1314; x_wconf 92' lang='lat' dir='ltr'>boni</span> <span class='ocrx_word' id='word_1_52' title='bbox 620 1253 653 1314; x_wconf 91' lang='lat' dir='ltr'>et</span> <span class='ocrx_word' id='word_1_53' title='bbox 689 1269 801 1315; x_wconf 87' lang='lat' dir='ltr'>causas</span> <span class='ocrx_word' id='word_1_54' title='bbox 841 1271 946 1316; x_wconf 90' lang='lat' dir='ltr'>rerum</span> <span class='ocrx_word' id='word_1_55' title='bbox 986 1257 1017 1318; x_wconf 86' lang='lat' dir='ltr'>et</span> <span class='ocrx_word' id='word_1_56' title='bbox 1053 1252 1260 1318; x_wconf 87' lang='lat' dir='ltr'>ratiocinandi</span> <span class='ocrx_word' id='word_1_57' title='bbox 1297 1251 1444 1328; x_wconf 86' lang='lat' dir='ltr'>fiduciam,</span> 
     </span>
     <span class='ocr_line' id='line_1_8' title="bbox 309 1358 1527 1440; baseline 0.002 -22"><span class='ocrx_word' id='word_1_58' title='bbox 309 1358 510 1438; x_wconf 82' lang='lat' dir='ltr'>oppugnatae</span> <span class='ocrx_word' id='word_1_59' title='bbox 538 1359 645 1420; x_wconf 87' lang='lat' dir='ltr'>antem</span> <span class='ocrx_word' id='word_1_60' title='bbox 673 1375 743 1422; x_wconf 88' lang='lat' dir='ltr'>esse</span> <span class='ocrx_word' id='word_1_61' title='bbox 771 1358 897 1422; x_wconf 89' lang='lat' dir='ltr'>nomine</span> <span class='ocrx_word' id='word_1_62' title='bbox 920 1359 1148 1440; x_wconf 84' lang='lat' dir='ltr'>Epicureorum</span> <span class='ocrx_word' id='word_1_63' title='bbox 1177 1361 1209 1424; x_wconf 89' lang='lat' dir='ltr'>et</span> <span class='ocrx_word' id='word_1_64' title='bbox 1232 1359 1404 1424; x_wconf 87' lang='lat' dir='ltr'>Stoicomm</span> <span class='ocrx_word' id='word_1_65' title='bbox 1430 1376 1445 1420; x_wconf 90' lang='lat' dir='ltr'>a</span> <span class='ocrx_word' id='word_1_66' title='bbox 1526 1383 1527 1432; x_wconf 54' lang='lat' dir='ltr'>i</span> 
     </span>
     <span class='ocr_line' id='line_1_9' title="bbox 307 1461 1445 1548; baseline 0.003 -23"><span class='ocrx_word' id='word_1_67' title='bbox 307 1461 481 1527; x_wconf 80' lang='lat' dir='ltr'>Platonicis</span> <span class='ocrx_word' id='word_1_68' title='bbox 505 1482 570 1541; x_wconf 89' lang='lat' dir='ltr'>eos,</span> <span class='ocrx_word' id='word_1_69' title='bbox 595 1464 650 1546; x_wconf 92' lang='lat' dir='ltr'>qui</span> <span class='ocrx_word' id='word_1_70' title='bbox 677 1465 709 1528; x_wconf 91' lang='lat' dir='ltr'>in</span> <span class='ocrx_word' id='word_1_71' title='bbox 734 1465 873 1548; x_wconf 89' lang='lat' dir='ltr'>corporis</span> <span class='ocrx_word' id='word_1_72' title='bbox 901 1465 955 1530; x_wconf 89' lang='lat' dir='ltr'>uel</span> <span class='ocrx_word' id='word_1_73' title='bbox 982 1467 1013 1530; x_wconf 93' lang='lat' dir='ltr'>in</span> <span class='ocrx_word' id='word_1_74' title='bbox 1042 1466 1140 1530; x_wconf 89' lang='lat' dir='ltr'>animi</span> <span class='ocrx_word' id='word_1_75' title='bbox 1166 1469 1279 1530; x_wconf 88' lang='lat' dir='ltr'>natura</span> <span class='ocrx_word' id='word_1_76' title='bbox 1306 1468 1445 1548; x_wconf 87' lang='lat' dir='ltr'>ponerent</span> 
     </span>
     <span class='ocr_line' id='line_1_10' title="bbox 309 1568 1443 1646; baseline 0.004 -15"><span class='ocrx_word' id='word_1_77' title='bbox 309 1571 342 1632; x_wconf 92' lang='lat' dir='ltr'>et</span> <span class='ocrx_word' id='word_1_78' title='bbox 373 1568 468 1632; x_wconf 90' lang='lat' dir='ltr'>finem</span> <span class='ocrx_word' id='word_1_79' title='bbox 499 1570 574 1634; x_wconf 92' lang='lat' dir='ltr'>boni</span> <span class='ocrx_word' id='word_1_80' title='bbox 604 1575 636 1635; x_wconf 90' lang='lat' dir='ltr'>et</span> <span class='ocrx_word' id='word_1_81' title='bbox 663 1590 776 1636; x_wconf 88' lang='lat' dir='ltr'>causas</span> <span class='ocrx_word' id='word_1_82' title='bbox 808 1591 913 1637; x_wconf 88' lang='lat' dir='ltr'>rerum</span> <span class='ocrx_word' id='word_1_83' title='bbox 941 1576 974 1637; x_wconf 90' lang='lat' dir='ltr'>et</span> <span class='ocrx_word' id='word_1_84' title='bbox 999 1573 1204 1638; x_wconf 86' lang='lat' dir='ltr'>ratiocinandi</span> <span class='ocrx_word' id='word_1_85' title='bbox 1232 1572 1387 1646; x_wconf 88' lang='lat' dir='ltr'>fiduciam,</span> <span class='ocrx_word' id='word_1_86' title='bbox 1413 1589 1443 1635; x_wconf 89' lang='lat' dir='ltr'>co</span> 
     </span>
     <span class='ocr_line' id='line_1_11' title="bbox 308 1677 1478 1761; baseline -0.001 -22"><span class='ocrx_word' id='word_1_87' title='bbox 308 1695 374 1739; x_wconf 89' lang='lat' dir='ltr'>rem</span> <span class='ocrx_word' id='word_1_88' title='bbox 412 1677 613 1742; x_wconf 82' lang='lat' dir='ltr'>successione</span> <span class='ocrx_word' id='word_1_89' title='bbox 646 1682 825 1761; x_wconf 90' lang='lat' dir='ltr'>temporum</span> <span class='ocrx_word' id='word_1_90' title='bbox 859 1698 929 1744; x_wconf 90' lang='lat' dir='ltr'>esse</span> <span class='ocrx_word' id='word_1_91' title='bbox 963 1679 1158 1759; x_wconf 86' lang='lat' dir='ltr'>deuolutam,</span> <span class='ocrx_word' id='word_1_92' title='bbox 1190 1685 1228 1744; x_wconf 90' lang='lat' dir='ltr'>ut</span> <span class='ocrx_word' id='word_1_93' title='bbox 1261 1679 1444 1745; x_wconf 85' lang='lat' dir='ltr'>Christianae</span> <span class='ocrx_word' id='word_1_94' title='bbox 1460 1701 1478 1739; x_wconf 85' lang='lat' dir='ltr'>n</span> 
     </span>
     <span class='ocr_line' id='line_1_12' title="bbox 307 1783 1444 1870; baseline 0.002 -24"><span class='ocrx_word' id='word_1_95' title='bbox 307 1784 372 1847; x_wconf 87' lang='lat' dir='ltr'>iam</span> <span class='ocrx_word' id='word_1_96' title='bbox 395 1783 508 1848; x_wconf 87' lang='lat' dir='ltr'>aetatis</span> <span class='ocrx_word' id='word_1_97' title='bbox 528 1785 663 1861; x_wconf 82' lang='lat' dir='ltr'>exordio,</span> <span class='ocrx_word' id='word_1_98' title='bbox 688 1804 760 1849; x_wconf 91' lang='lat' dir='ltr'>cum</span> <span class='ocrx_word' id='word_1_99' title='bbox 779 1805 885 1850; x_wconf 91' lang='lat' dir='ltr'>rerum</span> <span class='ocrx_word' id='word_1_100' title='bbox 907 1786 1120 1852; x_wconf 90' lang='lat' dir='ltr'>inuisibilium</span> <span class='ocrx_word' id='word_1_101' title='bbox 1143 1791 1238 1870; x_wconf 87' lang='lat' dir='ltr'>atque</span> <span class='ocrx_word' id='word_1_102' title='bbox 1262 1789 1444 1851; x_wconf 86' lang='lat' dir='ltr'>aeternarum</span> 
     </span>
     <span class='ocr_line' id='line_1_13' title="bbox 308 1889 1496 1978; baseline 0.001 -24"><span class='ocrx_word' id='word_1_103' title='bbox 308 1889 387 1954; x_wconf 87' lang='lat' dir='ltr'>fides</span> <span class='ocrx_word' id='word_1_104' title='bbox 410 1910 466 1973; x_wconf 92' lang='lat' dir='ltr'>per</span> <span class='ocrx_word' id='word_1_105' title='bbox 482 1891 625 1956; x_wconf 88' lang='lat' dir='ltr'>uisibilia</span> <span class='ocrx_word' id='word_1_106' title='bbox 643 1893 795 1957; x_wconf 91' lang='lat' dir='ltr'>miracula</span> <span class='ocrx_word' id='word_1_107' title='bbox 820 1894 987 1958; x_wconf 87' lang='lat' dir='ltr'>salubriter</span> <span class='ocrx_word' id='word_1_108' title='bbox 1009 1895 1244 1978; x_wconf 87' lang='lat' dir='ltr'>praedicaretur</span> <span class='ocrx_word' id='word_1_109' title='bbox 1264 1891 1443 1967; x_wconf 88' lang='lat' dir='ltr'>hominibus,</span> <span class='ocrx_word' id='word_1_110' title='bbox 1493 1903 1496 1910; x_wconf 81' lang='grc'>’</span> 
     </span>
     <span class='ocr_line' id='line_1_14' title="bbox 309 1997 1442 2084; baseline 0.002 -24"><span class='ocrx_word' id='word_1_111' title='bbox 309 1997 364 2080; x_wconf 92' lang='lat' dir='ltr'>qui</span> <span class='ocrx_word' id='word_1_112' title='bbox 392 2017 449 2062; x_wconf 92' lang='lat' dir='ltr'>nec</span> <span class='ocrx_word' id='word_1_113' title='bbox 477 1998 585 2063; x_wconf 90' lang='lat' dir='ltr'>uidere</span> <span class='ocrx_word' id='word_1_114' title='bbox 608 2018 666 2064; x_wconf 91' lang='lat' dir='ltr'>nec</span> <span class='ocrx_word' id='word_1_115' title='bbox 690 2000 830 2084; x_wconf 85' lang='lat' dir='ltr'>cogitare</span> <span class='ocrx_word' id='word_1_116' title='bbox 859 2000 980 2083; x_wconf 90' lang='lat' dir='ltr'>aliquid</span> <span class='ocrx_word' id='word_1_117' title='bbox 1001 2005 1126 2083; x_wconf 88' lang='lat' dir='ltr'>praeter</span> <span class='ocrx_word' id='word_1_118' title='bbox 1149 2020 1280 2084; x_wconf 88' lang='lat' dir='ltr'>corpora</span> <span class='ocrx_word' id='word_1_119' title='bbox 1302 2001 1442 2084; x_wconf 87' lang='lat' dir='ltr'>poterant,</span> 
     </span>
     <span class='ocr_line' id='line_1_15' title="bbox 309 2104 1443 2192; baseline 0.001 -24"><span class='ocrx_word' id='word_1_120' title='bbox 309 2104 402 2170; x_wconf 90' lang='lat' dir='ltr'>beato</span> <span class='ocrx_word' id='word_1_121' title='bbox 426 2106 570 2187; x_wconf 89' lang='lat' dir='ltr'>apostolo</span> <span class='ocrx_word' id='word_1_122' title='bbox 588 2106 700 2184; x_wconf 89' lang='lat' dir='ltr'>Panlo,</span> <span class='ocrx_word' id='word_1_123' title='bbox 724 2105 779 2190; x_wconf 92' lang='lat' dir='ltr'>qni</span> <span class='ocrx_word' id='word_1_124' title='bbox 802 2106 933 2171; x_wconf 89' lang='lat' dir='ltr'>eandem</span> <span class='ocrx_word' id='word_1_125' title='bbox 955 2107 1049 2172; x_wconf 89' lang='lat' dir='ltr'>fidem</span> <span class='ocrx_word' id='word_1_126' title='bbox 1074 2107 1222 2192; x_wconf 85' lang='lat' dir='ltr'>gentibus</span> <span class='ocrx_word' id='word_1_127' title='bbox 1249 2107 1443 2190; x_wconf 87' lang='lat' dir='ltr'>praesemina-</span> 
     </span>
     <span class='ocr_line' id='line_1_16' title="bbox 309 2211 1478 2298; baseline -0.003 -22"><span class='ocrx_word' id='word_1_128' title='bbox 309 2212 374 2287; x_wconf 87' lang='lat' dir='ltr'>bat,</span> <span class='ocrx_word' id='word_1_129' title='bbox 401 2212 486 2276; x_wconf 93' lang='lat' dir='ltr'>idem</span> <span class='ocrx_word' id='word_1_130' title='bbox 508 2211 571 2294; x_wconf 92' lang='lat' dir='ltr'>ipsi</span> <span class='ocrx_word' id='word_1_131' title='bbox 593 2213 740 2295; x_wconf 81' lang='lat' dir='ltr'>Epicurei</span> <span class='ocrx_word' id='word_1_132' title='bbox 764 2215 797 2277; x_wconf 95' lang='lat' dir='ltr'>et</span> <span class='ocrx_word' id='word_1_133' title='bbox 820 2213 921 2279; x_wconf 86' lang='lat' dir='ltr'>Stoici</span> <span class='ocrx_word' id='word_1_134' title='bbox 942 2214 974 2278; x_wconf 92' lang='lat' dir='ltr'>in</span> <span class='ocrx_word' id='word_1_135' title='bbox 998 2214 1123 2279; x_wconf 88' lang='lat' dir='ltr'>actibus</span> <span class='ocrx_word' id='word_1_136' title='bbox 1147 2215 1478 2298; x_wconf 74' lang='lat' dir='ltr'>apostolorumcon-1r</span> 
     </span>
     <span class='ocr_line' id='line_1_17' title="bbox 310 2316 710 2384; baseline 0 -2"><span class='ocrx_word' id='word_1_137' title='bbox 310 2318 476 2383; x_wconf 83' lang='lat' dir='ltr'>tradirisee</span> <span class='ocrx_word' id='word_1_138' title='bbox 498 2316 710 2384; x_wconf 87' lang='lat' dir='ltr'>inueniantur.</span> 
     </span>
    </p>

    <p class='ocr_par' dir='ltr' id='par_1_3' title="bbox 256 2423 1477 3365">
     <span class='ocr_line' id='line_1_18' title="bbox 256 2423 1442 2504; baseline -0.001 -15"><span class='ocrx_word' id='word_1_139' title='bbox 256 2427 297 2490; x_wconf 88' lang='lat'>21</span> <span class='ocrx_word' id='word_1_140' title='bbox 354 2423 425 2504; x_wconf 86' lang='lat' dir='ltr'>Qua</span> <span class='ocrx_word' id='word_1_141' title='bbox 455 2425 487 2490; x_wconf 93' lang='lat' dir='ltr'>in</span> <span class='ocrx_word' id='word_1_142' title='bbox 514 2444 548 2489; x_wconf 91' lang='lat' dir='ltr'>re</span> <span class='ocrx_word' id='word_1_143' title='bbox 581 2426 659 2490; x_wconf 86' lang='lat' dir='ltr'>satis</span> <span class='ocrx_word' id='word_1_144' title='bbox 692 2427 770 2491; x_wconf 94' lang='lat' dir='ltr'>mihi</span> <span class='ocrx_word' id='word_1_145' title='bbox 804 2427 932 2492; x_wconf 88' lang='lat' dir='ltr'>uidetur</span> <span class='ocrx_word' id='word_1_146' title='bbox 960 2447 1030 2493; x_wconf 89' lang='lat' dir='ltr'>esse</span> <span class='ocrx_word' id='word_1_147' title='bbox 1059 2428 1310 2493; x_wconf 87' lang='lat' dir='ltr'>demonstratum</span> <span class='ocrx_word' id='word_1_148' title='bbox 1337 2444 1442 2492; x_wconf 88' lang='lat' dir='ltr'>errores</span> 
     </span>
     <span class='ocr_line' id='line_1_19' title="bbox 309 2531 1443 2617; baseline -0.002 -20"><span class='ocrx_word' id='word_1_149' title='bbox 309 2532 452 2617; x_wconf 84' lang='lat' dir='ltr'>gentium</span> <span class='ocrx_word' id='word_1_150' title='bbox 471 2532 541 2596; x_wconf 89' lang='lat' dir='ltr'>siue</span> <span class='ocrx_word' id='word_1_151' title='bbox 560 2531 598 2596; x_wconf 90' lang='lat' dir='ltr'>de</span> <span class='ocrx_word' id='word_1_152' title='bbox 617 2533 759 2598; x_wconf 91' lang='lat' dir='ltr'>moribus</span> <span class='ocrx_word' id='word_1_153' title='bbox 784 2534 852 2598; x_wconf 89' lang='lat' dir='ltr'>siue</span> <span class='ocrx_word' id='word_1_154' title='bbox 873 2533 910 2598; x_wconf 89' lang='lat' dir='ltr'>de</span> <span class='ocrx_word' id='word_1_155' title='bbox 934 2539 1046 2600; x_wconf 88' lang='lat' dir='ltr'>natura</span> <span class='ocrx_word' id='word_1_156' title='bbox 1064 2555 1169 2599; x_wconf 92' lang='lat' dir='ltr'>rerum</span> <span class='ocrx_word' id='word_1_157' title='bbox 1193 2535 1263 2599; x_wconf 89' lang='lat' dir='ltr'>siue</span> <span class='ocrx_word' id='word_1_158' title='bbox 1282 2533 1443 2598; x_wconf 81' lang='lat' dir='ltr'>donatione</span> 
     </span>
     <span class='ocr_line' id='line_1_20' title="bbox 309 2637 1443 2723; baseline -0.003 -19"><span class='ocrx_word' id='word_1_159' title='bbox 309 2639 549 2722; x_wconf 85' lang='lat' dir='ltr'>inuestigandae</span> <span class='ocrx_word' id='word_1_160' title='bbox 571 2639 728 2717; x_wconf 70' lang='lat' dir='ltr'>uerimtis,</span> <span class='ocrx_word' id='word_1_161' title='bbox 752 2641 807 2722; x_wconf 90' lang='lat' dir='ltr'>qui</span> <span class='ocrx_word' id='word_1_162' title='bbox 826 2640 973 2723; x_wconf 88' lang='lat' dir='ltr'>quamuis</span> <span class='ocrx_word' id='word_1_163' title='bbox 993 2647 1101 2706; x_wconf 88' lang='lat' dir='ltr'>essent</span> <span class='ocrx_word' id='word_1_164' title='bbox 1123 2642 1217 2706; x_wconf 91' lang='lat' dir='ltr'>multi</span> <span class='ocrx_word' id='word_1_165' title='bbox 1236 2645 1329 2723; x_wconf 89' lang='lat' dir='ltr'>atque</span> <span class='ocrx_word' id='word_1_166' title='bbox 1350 2637 1443 2704; x_wconf 89' lang='lat' dir='ltr'>multi-</span> 
     </span>
     <span class='ocr_line' id='line_1_21' title="bbox 309 2745 1477 2829; baseline -0.001 -20"><span class='ocrx_word' id='word_1_167' title='bbox 309 2745 421 2829; x_wconf 88' lang='lat' dir='ltr'>plices,</span> <span class='ocrx_word' id='word_1_168' title='bbox 449 2745 481 2811; x_wconf 88' lang='lat' dir='ltr'>in</span> <span class='ocrx_word' id='word_1_169' title='bbox 510 2745 561 2811; x_wconf 90' lang='lat' dir='ltr'>his</span> <span class='ocrx_word' id='word_1_170' title='bbox 584 2749 690 2811; x_wconf 85' lang='lat' dir='ltr'>tamen</span> <span class='ocrx_word' id='word_1_171' title='bbox 717 2747 853 2812; x_wconf 81' lang='lat' dir='ltr'>maxime</span> <span class='ocrx_word' id='word_1_172' title='bbox 878 2747 1001 2812; x_wconf 85' lang='lat' dir='ltr'>duabus</span> <span class='ocrx_word' id='word_1_173' title='bbox 1030 2748 1128 2814; x_wconf 89' lang='lat' dir='ltr'>sectis</span> <span class='ocrx_word' id='word_1_174' title='bbox 1152 2748 1341 2826; x_wconf 88' lang='lat' dir='ltr'>eminebant,</span> <span class='ocrx_word' id='word_1_175' title='bbox 1362 2765 1477 2828; x_wconf 81' lang='lat' dir='ltr'>erpa-a</span> 
     </span>
     <span class='ocr_line' id='line_1_22' title="bbox 311 2850 1444 2937; baseline -0.003 -21"><span class='ocrx_word' id='word_1_176' title='bbox 311 2853 481 2936; x_wconf 83' lang='lat' dir='ltr'>gnantibns</span> <span class='ocrx_word' id='word_1_177' title='bbox 510 2852 612 2920; x_wconf 90' lang='lat' dir='ltr'>doctis</span> <span class='ocrx_word' id='word_1_178' title='bbox 645 2857 678 2918; x_wconf 93' lang='lat' dir='ltr'>et</span> <span class='ocrx_word' id='word_1_179' title='bbox 709 2856 798 2919; x_wconf 88' lang='lat' dir='ltr'>tanta</span> <span class='ocrx_word' id='word_1_180' title='bbox 830 2853 1004 2919; x_wconf 90' lang='lat' dir='ltr'>disserendi</span> <span class='ocrx_word' id='word_1_181' title='bbox 1037 2856 1215 2920; x_wconf 84' lang='lat' dir='ltr'>subtilitate</span> <span class='ocrx_word' id='word_1_182' title='bbox 1248 2857 1340 2937; x_wconf 87' lang='lat' dir='ltr'>atquc</span> <span class='ocrx_word' id='word_1_183' title='bbox 1366 2850 1444 2934; x_wconf 85' lang='lat' dir='ltr'>copia</span> 
     </span>
     <span class='ocr_line' id='line_1_23' title="bbox 312 2959 1442 3044; baseline -0.004 -20"><span class='ocrx_word' id='word_1_184' title='bbox 312 2959 571 3025; x_wconf 85' lang='lat' dir='ltr'>subuertentibus</span> <span class='ocrx_word' id='word_1_185' title='bbox 604 2959 735 3026; x_wconf 87' lang='lat' dir='ltr'>durasse</span> <span class='ocrx_word' id='word_1_186' title='bbox 766 2964 873 3025; x_wconf 87' lang='lat' dir='ltr'>tamen</span> <span class='ocrx_word' id='word_1_187' title='bbox 905 2980 1008 3043; x_wconf 88' lang='lat' dir='ltr'>usque</span> <span class='ocrx_word' id='word_1_188' title='bbox 1040 2961 1072 3026; x_wconf 89' lang='lat' dir='ltr'>in</span> <span class='ocrx_word' id='word_1_189' title='bbox 1104 2965 1246 3044; x_wconf 87' lang='lat' dir='ltr'>tempora</span> <span class='ocrx_word' id='word_1_190' title='bbox 1275 2960 1442 3027; x_wconf 84' lang='lat' dir='ltr'>Christiana.</span> 
     </span>
     <span class='ocr_line' id='line_1_24' title="bbox 313 3068 1442 3152; baseline -0.004 -18"><span class='ocrx_word' id='word_1_191' title='bbox 313 3089 392 3152; x_wconf 88' lang='lat' dir='ltr'>quos</span> <span class='ocrx_word' id='word_1_192' title='bbox 420 3071 484 3134; x_wconf 91' lang='lat' dir='ltr'>iam</span> <span class='ocrx_word' id='word_1_193' title='bbox 508 3072 591 3132; x_wconf 89' lang='lat' dir='ltr'>certe</span> <span class='ocrx_word' id='word_1_194' title='bbox 614 3071 723 3134; x_wconf 87' lang='lat' dir='ltr'>nostra</span> <span class='ocrx_word' id='word_1_195' title='bbox 747 3071 851 3133; x_wconf 86' lang='lat' dir='ltr'>aetate</span> <span class='ocrx_word' id='word_1_196' title='bbox 876 3069 922 3134; x_wconf 91' lang='lat' dir='ltr'>sic</span> <span class='ocrx_word' id='word_1_197' title='bbox 946 3069 1147 3134; x_wconf 90' lang='lat' dir='ltr'>obmutuisse</span> <span class='ocrx_word' id='word_1_198' title='bbox 1172 3068 1388 3152; x_wconf 87' lang='lat' dir='ltr'>conspicimus,</span> <span class='ocrx_word' id='word_1_199' title='bbox 1412 3071 1442 3131; x_wconf 91' lang='lat' dir='ltr'>nt</span> 
     </span>
     <span class='ocr_line' id='line_1_25' title="bbox 312 3175 1442 3258; baseline -0.003 -17"><span class='ocrx_word' id='word_1_200' title='bbox 312 3177 365 3241; x_wconf 85' lang='lat' dir='ltr'>uir</span> <span class='ocrx_word' id='word_1_201' title='bbox 400 3177 464 3241; x_wconf 88' lang='lat' dir='ltr'>iam</span> <span class='ocrx_word' id='word_1_202' title='bbox 496 3175 529 3240; x_wconf 92' lang='lat' dir='ltr'>in</span> <span class='ocrx_word' id='word_1_203' title='bbox 566 3175 685 3240; x_wconf 89' lang='lat' dir='ltr'>scholis</span> <span class='ocrx_word' id='word_1_204' title='bbox 717 3175 880 3240; x_wconf 91' lang='lat' dir='ltr'>rhetorum</span> <span class='ocrx_word' id='word_1_205' title='bbox 914 3179 1180 3240; x_wconf 90' lang='lat' dir='ltr'>commemoretur</span> <span class='ocrx_word' id='word_1_206' title='bbox 1211 3177 1345 3253; x_wconf 87' lang='lat' dir='ltr'>tantum,</span> <span class='ocrx_word' id='word_1_207' title='bbox 1375 3193 1442 3258; x_wconf 87' lang='lat' dir='ltr'>quae</span> 
     </span>
     <span class='ocr_line' id='line_1_26' title="bbox 311 3281 1476 3365; baseline -0.003 -18"><span class='ocrx_word' id='word_1_208' title='bbox 311 3283 430 3349; x_wconf 85' lang='lat' dir='ltr'>fuerint</span> <span class='ocrx_word' id='word_1_209' title='bbox 452 3283 581 3348; x_wconf 89' lang='lat' dir='ltr'>illorum</span> <span class='ocrx_word' id='word_1_210' title='bbox 605 3282 791 3360; x_wconf 90' lang='lat' dir='ltr'>sententiae,</span> <span class='ocrx_word' id='word_1_211' title='bbox 812 3283 984 3347; x_wconf 90' lang='lat' dir='ltr'>certamina</span> <span class='ocrx_word' id='word_1_212' title='bbox 1002 3285 1107 3346; x_wconf 85' lang='lat' dir='ltr'>tamen</span> <span class='ocrx_word' id='word_1_213' title='bbox 1129 3282 1224 3348; x_wconf 91' lang='lat' dir='ltr'>etiam</span> <span class='ocrx_word' id='word_1_214' title='bbox 1244 3282 1283 3347; x_wconf 91' lang='lat' dir='ltr'>de</span> <span class='ocrx_word' id='word_1_215' title='bbox 1304 3281 1443 3365; x_wconf 89' lang='lat' dir='ltr'>loquacis·</span> <span class='ocrx_word' id='word_1_216' title='bbox 1456 3297 1476 3336; x_wconf 73' lang='lat' dir='ltr'>a</span> 
     </span>
    </p>
   </div>
   <div class='ocr_carea' id='block_1_3' title="bbox 313 3387 1442 3474">
    <p class='ocr_par' dir='ltr' id='par_1_4' title="bbox 313 3387 1442 3474">
     <span class='ocr_line' id='line_1_27' title="bbox 313 3387 1442 3474; baseline 0.002 -20"><span class='ocrx_word' id='word_1_217' title='bbox 313 3390 402 3455; x_wconf 90' lang='lat' dir='ltr'>simis</span> <span class='ocrx_word' id='word_1_218' title='bbox 432 3389 624 3456; x_wconf 87' lang='lat' dir='ltr'>Graecorum</span> <span class='ocrx_word' id='word_1_219' title='bbox 658 3388 832 3474; x_wconf 84' lang='lat' dir='ltr'>gymnasiis</span> <span class='ocrx_word' id='word_1_220' title='bbox 861 3389 1017 3454; x_wconf 86' lang='lat' dir='ltr'>eradicata</span> <span class='ocrx_word' id='word_1_221' title='bbox 1049 3393 1144 3472; x_wconf 89' lang='lat' dir='ltr'>atque</span> <span class='ocrx_word' id='word_1_222' title='bbox 1173 3407 1352 3472; x_wconf 87' lang='lat' dir='ltr'>compressa</span> <span class='ocrx_word' id='word_1_223' title='bbox 1380 3387 1442 3455; x_wconf 89' lang='lat' dir='ltr'>sint</span> 
     </span>
    </p>
   </div>
   <div class='ocr_carea' id='block_1_4' title="bbox 402 3632 1109 3698">
    <p class='ocr_par' dir='ltr' id='par_1_5' title="bbox 402 3632 1109 3698">
     <span class='ocr_line' id='line_1_28' title="bbox 402 3632 1109 3698; baseline -0.003 -9"><span class='ocrx_word' id='word_1_224' title='bbox 402 3634 471 3689; x_wconf 76' lang='lat' dir='ltr'>scr.</span> <span class='ocrx_word' id='word_1_225' title='bbox 492 3634 547 3689; x_wconf 87' lang='lat' dir='ltr'>Cic.</span> <span class='ocrx_word' id='word_1_226' title='bbox 567 3632 600 3687; x_wconf 89' lang='lat' dir='ltr'>de</span> <span class='ocrx_word' id='word_1_227' title='bbox 620 3633 665 3687; x_wconf 88' lang='lat' dir='ltr'>dn.</span> <span class='ocrx_word' id='word_1_228' title='bbox 683 3633 707 3687; x_wconf 84' lang='lat' dir='ltr'><strong>V</strong></span> <span class='ocrx_word' id='word_1_229' title='bbox 728 3635 769 3698; x_wconf 81' lang='lat'>15,</span> <span class='ocrx_word' id='word_1_230' title='bbox 789 3635 823 3688; x_wconf 81' lang='lat'>43</span> <span class='ocrx_word' id='word_1_231' title='bbox 881 3635 914 3688; x_wconf 82' lang='lat'>14</span> <span class='ocrx_word' id='word_1_232' title='bbox 932 3632 992 3690; x_wconf 79' lang='lat' dir='ltr'>Act.</span> <span class='ocrx_word' id='word_1_233' title='bbox 1014 3635 1054 3697; x_wconf 80' lang='lat'>17,</span> <span class='ocrx_word' id='word_1_234' title='bbox 1076 3633 1109 3688; x_wconf 89' lang='grc'>18</span> 
     </span>
    </p>
   </div>
   <div class='ocr_carea' id='block_1_5' title="bbox 313 3805 1446 4504">
    <p class='ocr_par' dir='ltr' id='par_1_6' title="bbox 313 3805 1446 4504">
     <span class='ocr_line' id='line_1_29' title="bbox 349 3805 1445 3875; baseline -0.005 -12"><span class='ocrx_word' id='word_1_235' title='bbox 349 3812 366 3865; x_wconf 85' lang='grc'><strong>3</strong></span> <span class='ocrx_word' id='word_1_236' title='bbox 389 3809 592 3864; x_wconf 86' lang='lat' dir='ltr'>sed-hnmana</span> <span class='ocrx_word' id='word_1_237' title='bbox 613 3826 665 3864; x_wconf 88' lang='lat' dir='ltr'>om.</span> <span class='ocrx_word' id='word_1_238' title='bbox 684 3810 712 3864; x_wconf 83' lang='lat' dir='ltr'><em>A</em></span> <span class='ocrx_word' id='word_1_239' title='bbox 820 3811 838 3864; x_wconf 82' lang='lat'>4</span> <span class='ocrx_word' id='word_1_240' title='bbox 861 3807 1034 3864; x_wconf 82' lang='lat' dir='ltr'>accederetur</span> <span class='ocrx_word' id='word_1_241' title='bbox 1051 3807 1142 3862; x_wconf 77' lang='grc' dir='ltr'>ΜΔΕ</span> <span class='ocrx_word' id='word_1_242' title='bbox 1166 3811 1243 3875; x_wconf 84' lang='lat' dir='ltr'>(m.2</span> <span class='ocrx_word' id='word_1_243' title='bbox 1261 3805 1445 3874; x_wconf 78' lang='lat' dir='ltr'>accenderetur)</span> 
     </span>
     <span class='ocr_line' id='line_1_30' title="bbox 313 3892 1446 3968; baseline -0.006 -14"><span class='ocrx_word' id='word_1_244' title='bbox 313 3903 330 3956; x_wconf 83' lang='lat'><strong>5</strong></span> <span class='ocrx_word' id='word_1_245' title='bbox 349 3900 494 3954; x_wconf 88' lang='lat' dir='ltr'>ueritatem</span> <span class='ocrx_word' id='word_1_246' title='bbox 514 3901 525 3953; x_wconf 87' lang='grc'>1</span> <span class='ocrx_word' id='word_1_247' title='bbox 618 3901 634 3954; x_wconf 90' lang='grc'>6</span> <span class='ocrx_word' id='word_1_248' title='bbox 654 3897 810 3953; x_wconf 83' lang='lat' dir='ltr'>rationandi</span> <span class='ocrx_word' id='word_1_249' title='bbox 829 3899 884 3953; x_wconf 89' lang='lat' dir='ltr'>PV</span> <span class='ocrx_word' id='word_1_250' title='bbox 975 3900 991 3952; x_wconf 82' lang='grc'>7</span> <span class='ocrx_word' id='word_1_251' title='bbox 1011 3897 1346 3968; x_wconf 81' lang='lat' dir='ltr'>oppugnatos-fiduciam</span> <span class='ocrx_word' id='word_1_252' title='bbox 1363 3892 1446 3950; x_wconf 73' lang='lat' dir='ltr'>cred</span> 
     </span>
     <span class='ocr_line' id='line_1_31' title="bbox 313 3986 1446 4059; baseline -0.005 -15"><span class='ocrx_word' id='word_1_253' title='bbox 313 3988 505 4044; x_wconf 84' lang='lat' dir='ltr'>9rationandi</span> <span class='ocrx_word' id='word_1_254' title='bbox 522 3989 580 4042; x_wconf 89' lang='lat' dir='ltr'>PV</span> <span class='ocrx_word' id='word_1_255' title='bbox 662 4005 693 4042; x_wconf 88' lang='lat' dir='ltr'>eo</span> <span class='ocrx_word' id='word_1_256' title='bbox 712 3990 780 4059; x_wconf 86' lang='lat' dir='ltr'>rem]</span> <span class='ocrx_word' id='word_1_257' title='bbox 800 4005 892 4042; x_wconf 90' lang='lat' dir='ltr'>eorum</span> <span class='ocrx_word' id='word_1_258' title='bbox 910 3987 1069 4041; x_wconf 66' lang='grc' dir='ltr'>ΜΑΡΡΙῐ1</span> <span class='ocrx_word' id='word_1_259' title='bbox 1157 3986 1187 4041; x_wconf 91' lang='grc'>11</span> <span class='ocrx_word' id='word_1_260' title='bbox 1208 3987 1272 4051; x_wconf 86' lang='lat' dir='ltr'>ism,</span> <span class='ocrx_word' id='word_1_261' title='bbox 1291 4002 1358 4040; x_wconf 81' lang='lat' dir='ltr'>corr.</span> <span class='ocrx_word' id='word_1_262' title='bbox 1375 4001 1405 4037; x_wconf 80' lang='lat' dir='ltr'>ra.</span> <span class='ocrx_word' id='word_1_263' title='bbox 1420 3989 1446 4038; x_wconf 82' lang='lat' dir='ltr'>at</span> 
     </span>
     <span class='ocr_line' id='line_1_32' title="bbox 313 4072 1445 4155; baseline -0.008 -21"><span class='ocrx_word' id='word_1_264' title='bbox 313 4079 372 4134; x_wconf 73' lang='lat' dir='ltr'>uid.</span> <span class='ocrx_word' id='word_1_265' title='bbox 392 4083 412 4133; x_wconf 82' lang='lat'><em>2</em></span> <span class='ocrx_word' id='word_1_266' title='bbox 430 4080 513 4133; x_wconf 88' lang='lat' dir='ltr'>etiam</span> <span class='ocrx_word' id='word_1_267' title='bbox 531 4078 569 4132; x_wconf 84' lang='lat' dir='ltr'>Pl</span> <span class='ocrx_word' id='word_1_268' title='bbox 588 4077 670 4131; x_wconf 84' lang='lat' dir='ltr'>etiarn</span> <span class='ocrx_word' id='word_1_269' title='bbox 689 4076 749 4130; x_wconf 65' lang='grc' dir='ltr'>ΡΥ</span> <span class='ocrx_word' id='word_1_270' title='bbox 820 4079 852 4132; x_wconf 83' lang='grc'>12</span> <span class='ocrx_word' id='word_1_271' title='bbox 871 4077 1034 4146; x_wconf 89' lang='lat' dir='ltr'>hominibus]</span> <span class='ocrx_word' id='word_1_272' title='bbox 1054 4077 1081 4130; x_wconf 89' lang='lat' dir='ltr'>in</span> <span class='ocrx_word' id='word_1_273' title='bbox 1102 4075 1228 4130; x_wconf 87' lang='lat' dir='ltr'>omnibns</span> <span class='ocrx_word' id='word_1_274' title='bbox 1246 4076 1275 4130; x_wconf 79' lang='lat' dir='ltr'><strong><em>A</em></strong></span> <span class='ocrx_word' id='word_1_275' title='bbox 1294 4073 1327 4155; x_wconf 81' lang='lat' dir='ltr'>ab</span> <span class='ocrx_word' id='word_1_276' title='bbox 1344 4072 1445 4128; x_wconf 90' lang='lat' dir='ltr'>bomini-</span> 
     </span>
     <span class='ocr_line' id='line_1_33' title="bbox 314 4160 1446 4239; baseline -0.008 -17"><span class='ocrx_word' id='word_1_277' title='bbox 314 4169 364 4223; x_wconf 87' lang='lat' dir='ltr'>bus</span> <span class='ocrx_word' id='word_1_278' title='bbox 383 4169 411 4224; x_wconf 81' lang='lat' dir='ltr'><em>R</em></span> <span class='ocrx_word' id='word_1_279' title='bbox 466 4170 499 4225; x_wconf 80' lang='lat'>13</span> <span class='ocrx_word' id='word_1_280' title='bbox 518 4171 625 4239; x_wconf 81' lang='lat' dir='ltr'>practer</span> <span class='ocrx_word' id='word_1_281' title='bbox 643 4184 704 4232; x_wconf 73' lang='lat' dir='ltr'>om,</span> <span class='ocrx_word' id='word_1_282' title='bbox 721 4167 754 4222; x_wconf 76' lang='lat' dir='ltr'>in</span> <span class='ocrx_word' id='word_1_283' title='bbox 772 4185 859 4238; x_wconf 74' lang='lat' dir='ltr'>marry.</span> <span class='ocrx_word' id='word_1_284' title='bbox 878 4184 912 4221; x_wconf 88' lang='lat' dir='ltr'>m.</span> <span class='ocrx_word' id='word_1_285' title='bbox 931 4173 964 4220; x_wconf 78' lang='lat' dir='ltr'>ut</span> <span class='ocrx_word' id='word_1_286' title='bbox 981 4166 1039 4220; x_wconf 80' lang='lat' dir='ltr'>oid.</span> <span class='ocrx_word' id='word_1_287' title='bbox 1060 4169 1080 4219; x_wconf 84' lang='lat'><em>2</em></span> <span class='ocrx_word' id='word_1_288' title='bbox 1098 4165 1164 4218; x_wconf 86' lang='lat' dir='ltr'>add.</span> <span class='ocrx_word' id='word_1_289' title='bbox 1184 4164 1221 4218; x_wconf 74' lang='grc' dir='ltr'>Ρ1</span> <span class='ocrx_word' id='word_1_290' title='bbox 1283 4166 1317 4218; x_wconf 80' lang='lat'>14</span> <span class='ocrx_word' id='word_1_291' title='bbox 1333 4160 1446 4233; x_wconf 84' lang='lat' dir='ltr'>prosemi-</span> 
     </span>
     <span class='ocr_line' id='line_1_34' title="bbox 314 4252 1445 4314; baseline -0.01 -2"><span class='ocrx_word' id='word_1_292' title='bbox 314 4257 394 4313; x_wconf 88' lang='lat' dir='ltr'>nanit</span> <span class='ocrx_word' id='word_1_293' title='bbox 410 4257 439 4313; x_wconf 86' lang='lat' dir='ltr'><strong><em>R</em></strong></span> <span class='ocrx_word' id='word_1_294' title='bbox 493 4261 525 4314; x_wconf 81' lang='lat'>15</span> <span class='ocrx_word' id='word_1_295' title='bbox 544 4258 627 4313; x_wconf 92' lang='lat' dir='ltr'>iidem</span> <span class='ocrx_word' id='word_1_296' title='bbox 646 4257 706 4312; x_wconf 80' lang='lat' dir='ltr'>cdd.</span> <span class='ocrx_word' id='word_1_297' title='bbox 762 4259 795 4311; x_wconf 78' lang='lat'>17</span> <span class='ocrx_word' id='word_1_298' title='bbox 816 4255 1028 4310; x_wconf 85' lang='lat' dir='ltr'>demonstratum</span> <span class='ocrx_word' id='word_1_299' title='bbox 1048 4271 1107 4307; x_wconf 86' lang='lat' dir='ltr'>esse</span> <span class='ocrx_word' id='word_1_300' title='bbox 1126 4252 1185 4308; x_wconf 80' lang='lat' dir='ltr'>edd.</span> <span class='ocrx_word' id='word_1_301' title='bbox 1247 4253 1284 4308; x_wconf 81' lang='lat'>24</span> <span class='ocrx_word' id='word_1_302' title='bbox 1302 4265 1445 4306; x_wconf 84' lang='lat' dir='ltr'>commemo·</span> 
     </span>
     <span class='ocr_line' id='line_1_35' title="bbox 314 4335 1445 4416; baseline -0.012 -15"><span class='ocrx_word' id='word_1_303' title='bbox 314 4350 420 4401; x_wconf 86' lang='lat' dir='ltr'>raretur</span> <span class='ocrx_word' id='word_1_304' title='bbox 442 4345 468 4398; x_wconf 87' lang='lat' dir='ltr'><strong><em>V</em></strong></span> <span class='ocrx_word' id='word_1_305' title='bbox 554 4349 662 4400; x_wconf 75' lang='lat' dir='ltr'>tantm</span> <span class='ocrx_word' id='word_1_306' title='bbox 682 4347 762 4416; x_wconf 86' lang='lat' dir='ltr'>quac]</span> <span class='ocrx_word' id='word_1_307' title='bbox 782 4347 917 4413; x_wconf 83' lang='lat' dir='ltr'>tantumq.</span> <span class='ocrx_word' id='word_1_308' title='bbox 935 4340 1000 4396; x_wconf 85' lang='lat' dir='ltr'>MV</span> <span class='ocrx_word' id='word_1_309' title='bbox 1017 4344 1125 4395; x_wconf 84' lang='lat' dir='ltr'>tantum</span> <span class='ocrx_word' id='word_1_310' title='bbox 1145 4340 1190 4410; x_wconf 86' lang='lat' dir='ltr'>qui</span> <span class='ocrx_word' id='word_1_311' title='bbox 1208 4341 1237 4393; x_wconf 77' lang='lat' dir='ltr'><strong><em>A</em></strong></span> <span class='ocrx_word' id='word_1_312' title='bbox 1313 4339 1346 4394; x_wconf 82' lang='lat'>26</span> <span class='ocrx_word' id='word_1_313' title='bbox 1363 4335 1445 4408; x_wconf 79' lang='lat' dir='ltr'>grecis,</span> 
     </span>
     <span class='ocr_line' id='line_1_36' title="bbox 315 4431 927 4504; baseline -0.008 -15"><span class='ocrx_word' id='word_1_314' title='bbox 315 4439 375 4489; x_wconf 73' lang='lat' dir='ltr'>ml</span> <span class='ocrx_word' id='word_1_315' title='bbox 391 4452 478 4504; x_wconf 78' lang='lat' dir='ltr'>supra</span> <span class='ocrx_word' id='word_1_316' title='bbox 495 4435 509 4488; x_wconf 87' lang='grc'>1</span> <span class='ocrx_word' id='word_1_317' title='bbox 527 4449 666 4504; x_wconf 78' lang='lat' dir='ltr'>grecorum</span> <span class='ocrx_word' id='word_1_318' title='bbox 684 4433 713 4489; x_wconf 87' lang='lat' dir='ltr'><strong><em>R</em></strong></span> <span class='ocrx_word' id='word_1_319' title='bbox 785 4435 850 4487; x_wconf 88' lang='lat' dir='ltr'>sunt</span> <span class='ocrx_word' id='word_1_320' title='bbox 867 4431 927 4486; x_wconf 78' lang='lat' dir='ltr'>cdd.</span> 
     </span>
    </p>
   </div>
   <div class='ocr_carea' id='block_1_6' title="bbox 0 0 1562 5217">
    <p class='ocr_par' dir='ltr' id='par_1_7' title="bbox 0 0 1562 5217">
     <span class='ocr_line' id='line_1_37' title="bbox 0 0 1562 5217; baseline 0 0"><span class='ocrx_word' id='word_1_321' title='bbox 0 0 1562 5217; x_wconf 95' lang='lat' dir='ltr'> </span> 
     </span>
    </p>
   </div>
  </div>
 </body>
</html>
