3092 5217
249 481 314 545 444
606 480 633 533 S.
662 478 800 533 Aureli
827 478 1045 548 Augustini

249 676 343 754 atque
375 672 406 735 in
436 670 555 737 Christi
588 671 719 735 caritate
748 670 930 736 honoranda
959 671 1032 736 lilia.
1068 672 1265 737 honorabiles
1288 678 1389 739 tecum

249 779 403 861 nobisque
435 778 465 842 in
500 778 626 844 domino
660 777 887 843 dilectissimos
922 778 1003 843 tilios
1036 782 1110 843 tuos
1139 778 1246 844 debito
1274 780 1390 845 meritis

249 884 365 949 uestris
390 883 494 948 officio
518 884 667 947 resaluto.

753 1076 843 1164 nen
864 1078 901 1141 A.

302 1216 449 1272 DOMINO
473 1216 612 1271 MEltlTO
638 1216 893 1271 SlNCERISSIth
918 1217 963 1271 ET
987 1216 1126 1273 SANCTO
1147 1217 1280 1273 FRATRI
1298 1218 1344 1272 ET
1423 1244 1432 1277 s
1520 1210 1521 1223 ¹

251 1306 562 1362 CONPRESBYTERO
577 1304 762 1360 CYPRIANO
772 1305 1003 1361 AUGUSTINL'S
1014 1306 1053 1360 IN
1064 1306 1209 1363 DOMINO
1220 1308 1394 1362 suntuna.

294 1434 485 1498 Bcnedictac
509 1433 592 1497 tiliae
615 1435 741 1497 nostrae
764 1432 894 1496 Italicae
919 1432 1040 1497 litteras
1064 1433 1147 1499 misi.
1172 1452 1251 1516 quas
1271 1434 1310 1497 ad
1329 1454 1394 1497 eam

249 1546 322 1624 peto
355 1541 424 1623 ipse
456 1540 592 1622 perferre
627 1538 778 1623 digneris,
812 1537 842 1602 in
878 1538 994 1621 quibus
1034 1538 1153 1622 aliquid
1190 1540 1254 1605 diri
1291 1544 1395 1604 contra

251 1667 358 1711 eornm
383 1648 572 1730 opinionem.
598 1646 652 1728 qui
677 1646 756 1709 nihil
781 1645 818 1709 de
843 1645 900 1709 deo
925 1665 1050 1729 sperare
1068 1651 1213 1729 possunt.
1234 1648 1295 1713 nisi
1315 1648 1397 1729 qnod

250 1756 287 1819 de
330 1754 514 1837 corporibus
556 1754 706 1829 sentiunt,
751 1772 941 1834 quamquem·
979 1772 1049 1817 esse
1087 1772 1200 1835 corpus
1239 1754 1297 1817 deo
1339 1773 1434 1818 nono

251 1861 386 1925 audeant
418 1860 531 1924 dicere.
566 1860 626 1924 alio
660 1862 765 1923 tamen
798 1860 891 1923 modo
924 1878 1053 1941 prorsus
1086 1859 1145 1924 hoe
1176 1860 1296 1930 dicunt,
1326 1879 1395 1923 cum

250 1968 400 2033 adserunt
431 1967 533 2031 uideri
565 1966 791 2049 posse·oculis
820 1966 969 2049 corporis,
1001 1986 1080 2048 quos
1110 1986 1168 2030 non
1195 1966 1316 2031 creauit
1338 1966 1396 2030 nisi

251 2076 289 2139 ad
323 2095 453 2159 corpora
482 2074 666 2139 contuenda.
700 2093 811 2137 uerum
842 2074 896 2137 isti
925 2092 981 2137 nec
1010 2073 1085 2156 quid
1114 2074 1157 2137 sit
1180 2093 1295 2155 corpus
1321 2074 1397 2137 mihi

250 2182 400 2247 uidentur
423 2182 503 2247 scire
527 2200 582 2245 nec
613 2182 765 2263 quantum
795 2200 813 2243 a
840 2199 968 2263 corpore
997 2180 1128 2261 spiritus
1161 2184 1210 2244 est
1243 2181 1331 2247 deus.
1363 2199 1396 2244 ex

251 2290 416 2353 occasione
441 2307 526 2370 ergo,
551 2307 613 2369 qna
637 2306 705 2351 eam
730 2290 904 2368 utcumque
929 2286 1150 2351 consolandam
1169 2287 1292 2371 putaui.
1313 2287 1397 2350 nolui
1414 2306 1435 2343 ιε,
1523 2374 1524 2379 ¹

250 2396 512 2480 praetermittere,
538 2394 591 2458 nbi
617 2398 760 2459 nostrum
785 2394 924 2459 omnium
949 2394 1211 2478 peregrinationis
1234 2413 1310 2458 uera
1328 2412 1396 2457 con-

249 2503 364 2569 solatio
398 2502 571 2567 constituta
604 2504 662 2566 est.
697 2500 773 2582 quid
807 2503 913 2565 antem
947 2504 1055 2565 eontra
1087 2500 1204 2577 dicant,
1234 2500 1289 2583 qui
1317 2499 1395 2563 illud

250 2611 400 2679 sentiunt.
433 2607 518 2690 quod
551 2607 661 2689 paucis
700 2608 838 2671 refutare
876 2608 1115 2689 temptauimus,
1154 2608 1306 2672 sanctitas
1344 2611 1396 2669 tua

249 2718 328 2781 mihi
364 2716 534 2781 rescribere
573 2732 635 2778 non
673 2716 833 2795 granolet,
871 2714 898 2777 si
935 2714 1015 2777 forte
1053 2714 1140 2778 illius
1175 2714 1395 2778 uerecundiam

250 2824 389 2907 piguerit
412 2822 509 2885 istum
533 2821 637 2884 ueluti
661 2820 842 2884 conflictum
868 2821 1014 2903 quamuis
1035 2841 1071 2884 er
1091 2820 1193 2884 aliena
1211 2839 1395 2903 praesump-
1412 2844 1434 2879 a·

248 2931 334 2993 tione
363 2928 536 3010 suscipere,
561 2931 616 2991 aut
644 2934 729 2991 certa
758 2927 790 2990 id
820 2927 937 2992 efficiat
961 2929 1077 2991 caritas
1101 2936 1166 3004 tna,
1192 2930 1229 2990 ut
1256 2928 1313 3005 illi,
1343 2928 1396 3009 quui

249 3038 308 3100 hoo
343 3035 483 3099 sentiunt
516 3038 548 3098 et
581 3054 617 3097 ea
648 3036 768 3116 passim
803 3052 947 3117 spargere
981 3038 1075 3116 atquc
1114 3034 1299 3098 conculcare
1335 3053 1395 3096 non

250 3142 410 3219 desinunt,
444 3141 521 3204 mihi
554 3141 731 3205 rescribant
764 3142 802 3204 ad
831 3141 902 3207 ista.
933 3160 1012 3223 qnae
1042 3140 1164 3224 scripsi,
1194 3144 1231 3204 ut
1254 3160 1325 3204 cum
1351 3142 1394 3203 eis

250 3250 396 3330 deinceps
430 3251 552 3331 agatur,
585 3248 670 3329 qrrod
703 3249 740 3311 de
773 3250 832 3312 hac
865 3268 896 3311 re
930 3248 980 3331 agi
1015 3252 1158 3330 oportere
1187 3250 1296 3311 sancta
1323 3266 1395 3330 pru-

249 3356 355 3419 dentia
380 3359 437 3419 tua
460 3354 606 3437 peruidat
628 3374 764 3419 mecum.
795 3374 854 3419 non
880 3355 962 3417 enim
987 3355 1085 3436 gratis
1109 3354 1212 3419 anima
1235 3354 1431 3417 rationalisss

249 3462 366 3526 talibus
391 3466 481 3544 pasta
504 3462 736 3542 phantasmatis
759 3460 982 3525 intercluditur
1004 3466 1037 3524 et
1065 3462 1193 3543 penitus
1222 3459 1393 3525 obturatur.

250 3589 288 3633 ue
312 3569 466 3651 percipiat
490 3588 651 3633 summum
675 3568 755 3632 illud
780 3572 811 3632 et
834 3568 1094 3633 incommutabile
1118 3568 1247 3645 bonum,
1273 3570 1299 3631 si
1324 3586 1393 3650 spes

286 3730 296 3779 l
318 3728 346 3779 in
365 3743 415 3779 oua
436 3726 511 3791 cdd.;
529 3728 564 3792 cf.
582 3742 609 3792 p.
632 3729 700 3791 436,
720 3730 739 3777 2
811 3724 1142 3779 honorabiles-resaluto
1161 3742 1212 3779 om.
1233 3724 1391 3787 PP'Sl'Pt

247 3816 329 3869 habet
347 3815 433 3885 ἐρίων
450 3830 524 3867 uerus
542 3813 580 3867 Ρ
633 3816 650 3868 3
670 3816 790 3868 resaluta
809 3814 869 3868 edd.

282 3929 416 3999 Epistula
428 3928 545 3982 XOHA
560 3931 591 3981 c'n
604 3946 660 3983 reno
676 3930 766 3983 codice
783 3928 1022 3983 Cheltcnhnnrener'
1037 3932 1112 3983 2173
1123 3930 1175 3997 (Ε)
1189 3928 1309 3982 inuenta
1325 3944 1394 3982 nunc

242 4021 365 4089 pnr'rrrum
383 4024 422 4072 est
440 4018 523 4071 edito.

286 4126 319 4180 10
347 4142 427 4195 quam
452 4124 494 4191 E;
517 4126 664 4177 erucsrdnrn'
687 4142 849 4193 quamquain
942 4126 973 4177 12
1002 4124 1093 4177 uidere
1117 4124 1159 4191 E:
1181 4126 1289 4179 correxi
1312 4125 1393 4178 uideri

251 4216 284 4267 13
303 4231 346 4277 nc,
365 4218 430 4267 Μ
448 4231 496 4267 nec
515 4214 546 4267 E
586 4216 618 4267 15
637 4214 797 4267 hoccasione
818 4214 844 4279 (h
866 4218 947 4267 cruat
962 4214 992 4266 E
1034 4214 1067 4267 18
1081 4214 1164 4283 pacis.
1179 4216 1245 4268 nr.2
1263 4215 1355 4283 paucis
1369 4214 1396 4265 Ε

248 4300 282 4355 ‘dl
301 4303 445 4371 pigueritis
465 4307 521 4356 inm
540 4303 570 4355 E
652 4305 686 4356 ‘34
706 4306 814 4373 oportet
833 4302 872 4367 Ε,·
890 4302 989 4369 scripsi
1007 4306 1130 4371 oportere
1213 4303 1248 4356 26
1268 4303 1391 4372 phantas-

248 4396 343 4447 matas,
363 4408 431 4444 corr.
452 4391 561 4460 (unffi)
581 4391 828 4460 phantasmaticis*
