3092 5217
549 485 816 554 epistularum
844 486 889 542 CI.
1224 495 1287 558 541

139 677 214 742 istis
238 677 419 744 simulacris
443 699 503 744 non
528 678 626 744 dediti
649 683 788 746 autnon
817 681 911 746 nimis
940 683 1036 749 dediti
1070 685 1291 750 coluerunt

140 787 554 853 tamenetseruieruut
573 793 786 854 creaturae
804 790 1077 874 potiusquam
1097 794 1286 860 creatori.

139 891 226 957 absit
250 893 386 970 omnino,
410 896 446 957 ut
468 894 604 957 istorum
628 894 786 960 uanitates
805 899 838 959 et
855 896 997 961 insaniae
1014 897 1194 975 mendaces,
1214 918 1290 962 uen-

139 1001 230 1064 tosae
247 1018 350 1083 nugae
365 1018 400 1064 ac
420 1000 576 1082 superbus
594 1019 677 1065 error
690 1005 776 1066 recte
790 1002 937 1068 liberales
952 1003 1076 1069 litterae
1091 1005 1291 1069 nominentur

113 1105 309 1171 shorninum
334 1105 456 1172 scilicet
478 1106 664 1185 infelicium,
690 1109 743 1191 qui
768 1109 819 1173 dei
843 1110 977 1192 gratiam
1000 1129 1056 1194 per
1074 1112 1181 1177 lesum
1202 1111 1287 1178 Chri-

140 1216 230 1286 stum
249 1212 411 1277 dominum
436 1216 589 1290 nostrum,
610 1233 672 1296 qua
691 1215 759 1280 sola
782 1215 954 1280 liberamur
972 1217 1011 1282 de
1030 1237 1157 1300 corpore
1176 1218 1289 1284 mortis

140 1319 250 1398 huius,
273 1340 333 1386 non
354 1324 573 1402 cognorerunt
595 1341 653 1386 nec
677 1321 775 1388 ineis
798 1323 888 1405 ipsis,
913 1343 993 1406 qnae
1017 1344 1093 1390 uera
1115 1330 1289 1391 senserunt.

139 1426 274 1492 historia
294 1445 378 1507 sane,
403 1428 495 1493 euius
515 1428 685 1512 scriptores
705 1429 801 1494 iidem
820 1449 854 1495 se
873 1432 1041 1513 praecipue
1059 1433 1290 1499 narrationibus

139 1535 209 1599 suis
242 1533 367 1612 debere,
390 1535 587 1618 profitentur,
624 1537 770 1602 fortassis
805 1537 920 1602 habeat
958 1539 1077 1622 aliquid
1111 1539 1290 1624 cognitione

99 1663 123 1704 ιο
141 1641 275 1724 dignum
307 1641 427 1720 liberis,
462 1661 534 1708 cum
567 1642 636 1708 siue
664 1643 746 1708 bona
776 1644 845 1710 siue
877 1646 961 1710 mala
991 1645 1156 1710 hominum
1183 1649 1290 1711 tamen

139 1767 217 1814 uera
235 1751 410 1813 narrantur.
430 1749 577 1831 quamuis
596 1749 628 1814 in
648 1751 693 1814 eis
714 1751 952 1835 cognoscendis,
972 1753 1027 1834 qui
1046 1755 1155 1818 sancto
1175 1753 1289 1836 spiritu

138 1873 202 1919 non
231 1854 332 1921 adiuti
366 1857 441 1920 sunt
468 1874 673 1939 rumoresque
703 1857 854 1941 colligere
881 1859 953 1940 ipsa
978 1860 1134 1925 humanae
1161 1859 1291 1926 infirmi-

138 1962 217 2026 tatis
246 1961 430 2027 condicione
459 1963 617 2045 compulsi
649 1965 734 2042 sunt,
764 1983 859 2047 quem
887 1965 1085 2032 admodum
1113 1985 1174 2032 non
1202 1967 1289 2030 falle·

139 2073 251 2134 rentur
272 2069 304 2132 in
327 2067 484 2151 plurimis,
514 2070 641 2136 omnino
675 2089 737 2135 non
769 2071 875 2136 uideo.
905 2074 955 2136 est
985 2076 1091 2139 tamen
1120 2074 1226 2156 aliqua
1257 2073 1289 2137 in

99 2195 124 2234 rs
140 2176 187 2241 eis
211 2175 431 2259 propinquitas
450 2176 619 2256 libertatis,
640 2177 667 2241 si
686 2178 887 2242 uoluntatem
904 2179 1076 2244 mentiendi
1094 2200 1154 2245 non
1174 2180 1291 2246 habent

140 2301 199 2347 nec
223 2282 367 2348 homines
395 2283 521 2360 fallunt,
545 2283 608 2348 nisi
636 2302 709 2349 cum
732 2283 771 2348 ab
796 2284 978 2349 hominibus
1002 2286 1139 2350 humana
1162 2285 1290 2351 infirmi-

140 2392 207 2454 tate
231 2389 394 2455 falluntur.

81 2491 99 2553 3
185 2495 307 2560 Verum
322 2496 397 2578 quia
415 2495 446 2561 in
463 2496 609 2562 omnibus
628 2516 732 2562 rerum
747 2497 899 2575 motibus,
920 2497 996 2580 quid
1014 2499 1138 2563 numeri
1151 2498 1288 2576 ualeant,

141 2603 269 2670 facilius
294 2603 511 2669 consideratur
532 2604 564 2669 in
587 2605 722 2670 uocibus
747 2623 846 2688 eaque
869 2605 1080 2670 consideratio
1099 2605 1288 2688 quibusdam

100 2732 125 2774 ro
142 2711 234 2796 quasi
262 2711 401 2795 gradatis
430 2711 597 2778 itineribus
625 2713 738 2778 nititur
760 2713 801 2776 ad
828 2731 966 2796 superna
991 2713 1104 2778 intima
1131 2713 1288 2789 ueritatis,

142 2819 180 2882 in
205 2819 323 2901 quibus
347 2817 430 2883 uiis
456 2819 641 2884 ostendit
669 2837 710 2884 se
739 2819 947 2902 sapientia
970 2819 1165 2884 hilariter
1188 2821 1227 2883 et
1249 2819 1287 2882 in

142 2925 246 2991 omni
270 2925 534 3008 prouidentia
563 2927 745 2991 occurrit
768 2927 958 3003 amantibus,
982 2926 1072 2992 initio
1096 2925 1195 2991 nostri
1220 2926 1288 3000 otii,

232 3171 245 3225 1
266 3171 343 3227 Rom.
363 3172 386 3232 l,
406 3173 440 3226 25
495 3173 510 3223 5
530 3169 607 3226 Rom.
627 3171 652 3234 7,
671 3171 778 3225 24-25
832 3169 864 3223 21
887 3169 949 3240 Sap.
968 3170 994 3231 6,
1013 3171 1046 3222 l'i

177 3331 190 3384 l
211 3346 266 3382 non
286 3327 349 3382 dedi
368 3331 428 3396 (om.
448 3328 471 3380 ti
491 3331 610 3382 autnon
629 3327 710 3380 nimis
729 3327 826 3396 dediti)
847 3329 988 3382 coluerunt
1002 3327 1029 3381 A
1084 3327 1171 3382 dediti
1190 3329 1238 3381 aut
1255 3343 1288 3381 aa

142 3417 245 3473 deditis
263 3421 295 3470 ut
313 3417 341 3470 P
393 3418 409 3471 3
427 3417 548 3470 insaniae
569 3420 651 3484 (post.
671 3416 681 3469 i
699 3421 759 3471 aaz
777 3433 838 3484 exp.
854 3417 927 3486 uid.)
945 3416 982 3470 M
1040 3420 1170 3470 uentosae
1187 3415 1287 3486 nugae]

142 3509 170 3560 et
187 3510 318 3561 uentosae
338 3505 417 3577 nenip
438 3505 473 3558 Ρ1
528 3507 546 3559 4
563 3505 701 3570 liberares,
720 3521 789 3559 corr.
808 3505 935 3559 liberales
953 3506 992 3560 Μ
1047 3509 1063 3561 5
1083 3507 1129 3576 qui
1149 3505 1202 3576 dei]
1222 3504 1288 3575 quid

141 3602 151 3648 l
169 3596 189 3662 (i
207 3595 239 3648 ia
255 3611 312 3649 ros.
331 3598 404 3662 Μ)
419 3595 447 3648 Ρ
482 3595 497 3649 7
518 3610 586 3664 qnae
606 3599 684 3648 erant
696 3611 762 3648 uera
776 3593 803 3649 R
822 3611 892 3664 quae
905 3612 971 3648 uera
982 3597 1047 3648 sunt
1060 3595 1120 3649 cdd.
1134 3599 1249 3662 praeter
1262 3610 1288 3647 m

141 3685 270 3750 8storia‚
288 3689 352 3738 aa
370 3683 473 3755 ystoria
491 3683 519 3736 P
589 3682 642 3737 lide
661 3685 688 3736 A
755 3683 948 3752 teognitione
967 3699 1101 3738 canoras.
1119 3699 1202 3752 super
1220 3700 1234 3736 e
1252 3681 1289 3736 M

143 3773 173 3826 ll
193 3773 236 3826 his
257 3777 282 3827 A
388 3773 486 3844 spiritu
504 3775 597 3826 sancto
616 3771 672 3826 Fa
691 3771 751 3826 edd.
851 3760 971 3826 se—‹rrca
991 3776 1017 3825 et
1039 3787 1107 3825 corr.
1127 3771 1287 3828 atreides

142 3849 196 3916 scm
216 3861 244 3914 P
278 3862 311 3915 12
330 3861 503 3931 rimamque,
521 3863 588 3914 m.2
605 3877 779 3929 rumoresque
797 3859 835 3912 P¹
907 3859 1079 3914 infirmitates
1097 3859 1135 3912 M
1152 3863 1228 3924 (m.2
1245 3861 1286 3912 in·

141 3949 288 4024 firmitatis)
306 3951 337 4006 F
353 3949 450 4017 (m.1?
467 3965 535 4005 corr.
556 3949 732 4016 infirmitatis)
798 3951 831 4004 13
851 3949 1009 4004 condicione
1027 3963 1061 4002 ea
1079 3947 1230 4002 condicioni
1249 3948 1285 4000 P¹

143 4041 176 4093 14
193 4039 222 4092 iu
241 4039 279 4092 eis
299 4039 390 4108 aliqua
408 4039 436 4094 R
454 4038 515 4094 edd.
558 4039 591 4092 18
609 4038 638 4092 in
657 4037 791 4108 omnibns]
811 4037 966 4091 hominibus
985 4036 1012 4090 A
1067 4036 1113 4106 qui
1130 4036 1291 4104 MFAaes

176 4127 310 4182 numerari
329 4127 499 4182 marnae
518 4127 690 4191 dinumerari,
709 4131 776 4180 m.2
792 4126 898 4180 numeri
916 4126 954 4179 Ρι
1027 4127 1059 4179 19
1080 4141 1181 4194 eaquae
1202 4129 1286 4193 (poet.

142 4214 238 4284 adei.)
255 4217 283 4271 P
335 4217 370 4270 20
389 4217 486 4270 nititur
502 4232 558 4272 ras.
578 4232 611 4270 aa
629 4215 786 4270 nntiturM
855 4214 1007 4269 intimaeA
1062 4215 1093 4269 21
1115 4215 1179 4283 uiis]
1197 4215 1239 4268 ins
1253 4215 1288 4267 M

177 4304 319 4374 sapientia,
338 4321 407 4360 corr.
425 4310 486 4360 aaz
503 4305 654 4375 sapientiae
668 4304 706 4358 M
793 4305 821 4358 in
840 4304 923 4374 omni]
942 4303 1045 4358 homini
1059 4305 1086 4356 A
1170 4303 1204 4356 22
1222 4319 1285 4372 pru·

143 4391 234 4448 dentis
251 4394 313 4450 MR
332 4395 404 4466 (m.1
420 4395 539 4464 suprad
557 4393 740 4463 prouidentia)
816 4394 870 4456 oui,
889 4396 955 4447 m.2
973 4393 1026 4446 ocii
1045 4393 1081 4446 Ρι
