3092 5217
508 496 771 565 epistularum
801 494 867 551 clv.
1192 500 1256 564 593

105 692 310 775 parilitatem.
331 710 390 778 ego
410 692 518 756 autem
537 691 744 774 supraposui
765 691 920 775 scriptum
937 690 969 755 in
988 690 1105 755 litteris
1125 692 1257 759 nostris:

106 799 333 863 Uniuersae
370 798 461 862 uiae
495 796 647 861 domini
684 798 974 863 misericordia
1011 801 1050 863 et
1088 798 1257 863 ueritas.

106 908 341 988 consequentur
368 904 479 987 itaque
504 903 766 982 misericordiam,
797 906 824 971 si
848 924 909 971 uon
934 905 1057 971 oderint
1078 906 1258 971 ueritatem.

105 1031 189 1095 quae
214 1030 276 1076 non
305 1012 397 1093 quasi
425 1030 523 1093 aeque
556 1012 773 1094 peccantibus,
807 1031 843 1077 ao
875 1012 903 1077 si
930 1012 1128 1094 petulantius
1156 1012 1257 1077 locuti

75 1120 182 1192 saint,
216 1118 272 1184 sed
299 1117 338 1183 de
370 1118 489 1183 scelere
520 1118 752 1183 immanissimo
782 1121 877 1201 atque
904 1118 1002 1202 impio
1035 1122 1120 1183 recte
1152 1120 1258 1203 paeni-

105 1225 251 1289 tentibus
276 1223 457 1290 Christiano
485 1224 554 1289 iure
579 1225 722 1291 debetur.
750 1229 788 1290 tu
817 1244 903 1303 uero,
931 1226 982 1290 nir
1009 1226 1122 1290 merito
1150 1224 1258 1289 lauda-

105 1333 193 1407 bilis,
217 1350 267 1407 ne,
301 1349 430 1413 quaeso,
464 1332 528 1395 ista
559 1332 714 1415 paradoxa
747 1332 928 1397 Stoicorum
961 1331 1111 1397 sectanda
1144 1332 1257 1397 doceas

106 1437 304 1503 Paradoxum
323 1440 429 1513 turum,
449 1456 543 1519 quem
563 1437 622 1501 tibi
643 1442 791 1521 optamus
812 1456 885 1503 uera
909 1438 1028 1523 pietate
1047 1457 1082 1503 ac
1108 1438 1259 1504 felicitate

106 1544 328 1629 grandescere.
356 1543 530 1627 namquid
559 1564 732 1628 generosus
762 1544 950 1610 adulescens
978 1564 1088 1627 sapere
1116 1545 1258 1628 iniquius

63 1678 88 1715 ro
106 1654 141 1715 et
157 1650 219 1715 tibi
238 1650 299 1733 ipsi
322 1649 536 1734 periculosius
559 1653 676 1735 potest,
701 1671 796 1733 quam
817 1652 845 1716 si
865 1650 1008 1717 conuicio
1032 1651 1064 1716 in
1085 1652 1260 1735 quemlibet

106 1762 292 1823 extraneum
309 1756 447 1822 iaculato
468 1776 529 1820 uon
549 1756 619 1823 dico
644 1757 849 1841 parricidium
870 1758 925 1823 sed
949 1758 1056 1843 ipsum
1080 1758 1111 1823 in
1135 1761 1257 1842 patrem

106 1863 291 1930 conuicium
314 1864 558 1946 coaequanerit?

31 1978 64 2040 lt
152 1971 386 2037 Conuenienter
414 1970 523 2053 itaque
551 1970 636 2054 apud
663 1990 721 2035 nos
750 1991 807 2053 pro
832 1970 959 2037 ciuibus
983 1973 1049 2037 tuis
1074 1973 1143 2056 agis
1171 1973 1259 2056 inge-

106 2079 204 2143 rendo
233 2077 325 2143 uobis
353 2077 605 2143 misericordiam
630 2076 883 2144 Christianorum
911 2098 973 2143 non
1002 2080 1150 2145 duritiam
1177 2079 1259 2144 Stoi-

66 2209 89 2245 a
107 2204 229 2261 corum,
254 2203 332 2265 quae
351 2202 466 2248 causae
486 2203 504 2247 a
521 2187 554 2249 te
577 2187 746 2268 susceptae
765 2203 827 2249 non
845 2184 939 2251 modo
959 2184 1039 2249 nibil
1058 2185 1259 2269 suffragatur,

106 2312 221 2357 uerum
250 2289 346 2355 etiam
374 2290 513 2355 multum
541 2291 738 2356 aduersatur.
767 2311 840 2357 nam
868 2291 970 2373 ipsam
998 2290 1258 2367 misericordiam,

107 2418 205 2481 quam
234 2397 263 2461 si
290 2417 350 2463 non
378 2396 564 2479 habeamus,
597 2397 686 2462 nulla
712 2401 770 2462 tua
802 2396 966 2481 petitione,
1000 2398 1098 2461 urrllis
1131 2397 1258 2463 illorum

106 2504 257 2589 precibus
289 2503 374 2568 flecti
406 2504 595 2587 poterimus,
628 2503 660 2569 in
689 2504 770 2569 nitio
804 2502 905 2569 Stoici
932 2506 1055 2585 ponunt
1081 2522 1214 2585 eamque
1242 2522 1260 2567 a

107 2610 263 2695 sapientis
290 2610 395 2675 animo
430 2610 558 2694 penitus
586 2611 756 2693 expellunt,
794 2629 887 2693 quoru
911 2628 1040 2692 prorsus
1063 2611 1201 2675 ferreum
1229 2613 1261 2673 et

68 2742 92 2779 n
107 2717 313 2783 inflexibilem
350 2718 474 2783 uolunt.
512 2717 628 2781 melius
664 2717 773 2800 itaque
812 2717 871 2782 tibi
906 2718 1093 2791 occurreret,
1128 2715 1166 2780 de
1203 2719 1259 2779 tuo

110 2826 260 2891 Cicerone
284 2824 369 2906 qnod
393 2823 525 2901 diceres,
549 2824 603 2905 qui
628 2821 793 2889 Caesarem
818 2822 966 2887 laudans:
989 2815 1120 2898 ‘Nulln’‚
1144 2820 1259 2903 inquit,

108 2923 157 2997 ‘de
185 2930 362 2996 uirtutibus
389 2931 456 2995 tuis
485 2930 701 2996 admirabilior
727 2932 781 2995 uel
808 2929 928 3014 gratior
950 2928 1167 2995 misericordia
1192 2932 1260 2993 est’.

110 3042 226 3121 quanto
256 3039 359 3122 magis
388 3038 483 3103 debet
510 3055 548 3100 ea
575 3037 606 3100 in
636 3036 782 3102 ecclesiis
810 3040 1004 3119 praeualere,
1033 3035 1158 3119 qnando
1187 3054 1259 3099 eum

111 3150 299 3229 sequuntur,
324 3144 377 3226 qui
397 3143 490 3208 dixit:
514 3144 596 3229 Ilgo
621 3163 704 3207 sum
729 3144 807 3221 uia,
831 3145 864 3207 et
881 3142 1008 3226 legunt:
1033 3141 1259 3208 Uniuersae

69 3254 200 3319 auiae
229 3252 382 3317 domini
412 3250 702 3315 misericordia
731 3252 771 3313 et
798 3248 968 3314 ueritas.
997 3248 1064 3315 noli
1093 3268 1167 3333 ergo
1195 3266 1260 3311 me-

112 3367 209 3435 tuere,
241 3359 464 3423 innocentibus
496 3377 536 3423 ne
568 3357 736 3423 moliamur
767 3356 910 3433 exitium,
944 3356 999 3437 qui
1026 3374 1083 3421 nec
1110 3357 1259 3419 nocentes

113 3468 262 3532 nolumus
286 3465 326 3529 ad
350 3465 481 3550 dignum
506 3464 700 3547 supplicium
723 3463 887 3546 peruenire
911 3462 1096 3545 probibente
1125 3480 1182 3527 uos
1205 3462 1262 3525 illa

113 3571 337 3648 misericordia,
370 3590 466 3653 quam
498 3570 531 3633 iu
561 3570 688 3635 Christo
722 3587 794 3633 cnm
829 3568 962 3632 uedmte
995 3567 1169 3652 diligimus.
1203 3567 1259 3631 sed

115 3680 167 3761 qui
189 3679 282 3743 uitiis
305 3678 484 3743 nutriendis
507 3678 610 3761 parcit
633 3681 666 3739 et
687 3676 787 3754 fouet,
812 3694 850 3739 ue
870 3674 1037 3740 contristet
1058 3674 1258 3756 peccantium

71 3804 99 3845 ro
115 3788 323 3863 uoluntatem,
360 3789 425 3848 tam
463 3802 524 3849 non
559 3786 609 3849 est
639 3782 832 3860 misericors,
871 3800 964 3863 quam
999 3780 1053 3863 qui
1089 3799 1150 3846 nou
1188 3780 1260 3844 uult

118 3894 253 3956 cultrnm
275 3910 383 3975 rapere
406 3908 515 3973 puero,
544 3909 583 3954 ne
607 3888 715 3953 audiat
736 3890 926 3971 plorantem,
955 3890 988 3951 et
1010 3906 1069 3953 non
1093 3886 1196 3965 timet,
1220 3905 1259 3949 ue

117 4000 314 4064 uulneratum
338 3997 444 4062 doleat
466 3997 520 4065 uel
547 3995 732 4063 extinctum.
760 4014 855 4060 serua
882 4013 956 4079 ergo
985 3993 1120 4077 tempori
1149 4011 1260 4075 oppor-

117 4111 200 4183 tuno,
220 4104 305 4187 quod
324 4103 407 4187 apud
426 4123 483 4168 uos
503 4122 578 4187 agas
598 4122 654 4188 pro
678 4102 728 4167 his
747 4102 940 4180 hominibus,
959 4102 991 4165 in
1011 4119 1146 4183 quorum
1165 4100 1260 4163 dilec-

202 4278 282 4333 21³⁸.
301 4278 345 4339 24,
367 4278 399 4331 10
481 4277 512 4331 21
535 4276 590 4333 cic.
610 4294 657 4347 pro
672 4276 732 4347 Lig.
750 4278 792 4340 12,
808 4276 842 4329 37
925 4276 959 4329 24
974 4274 1031 4329 lob.
1050 4274 1123 4341 14‚6

154 4402 436 4459 7ita.m.2istuV
490 4402 522 4456 13
541 4401 581 4455 ais
605 4400 661 4455 VU
677 4404 722 4467 (m.
771 4400 843 4469 agia)
864 4398 1008 4467 ΖΝΗ).
1031 4399 1152 4459 585,12

145 4528 257 4577 xrxurr,
271 4526 331 4577 Αιις.
345 4532 400 4567 sset.
415 4526 439 4567 11
452 4537 504 4577 pm
519 4529 539 4567 a.
1168 4542 1170 4547 -
1190 4501 1224 4554 38
