3092 5217
299 508 364 570 450
658 504 685 557 S.
713 501 852 554 Aureli
882 502 1097 569 Augustini

299 699 419 765 Nemo
439 699 486 763 ad
508 718 565 761 rue
589 697 713 773 uenit,
734 696 816 760 uisi
838 714 950 778 quern
971 700 1085 778 pater
1104 694 1339 771 adtraxerit,
1357 696 1431 776 quod

298 806 336 870 tit
367 806 399 870 in
431 805 579 871 cordibus
612 803 763 879 omnium,
799 802 852 883 qui
880 820 914 865 se
943 801 982 865 ad
1010 821 1082 865 euna
1112 801 1237 865 diuinae
1266 800 1432 865 iracundiae
1521 830 1523 895 ς

299 914 412 977 timore
445 914 644 985 conuertunt,
686 913 719 974 et
755 910 882 973 noueris
920 908 1087 989 aliquando
1125 908 1227 973 iurem
1266 906 1433 971 auertendis
1521 896 1523 913 '

299 1018 466 1101 pecoribus
490 1018 641 1100 pabulum
661 1034 808 1100 spargere
832 1018 864 1079 et
887 1015 1054 1097 aliquando
1078 1016 1239 1097 pastorem
1258 1013 1379 1098 flagello
1401 1013 1434 1075 ad

301 1144 430 1210 gregem
453 1143 567 1207 pecora
590 1123 726 1187 errantia
747 1125 917 1187 reuocare?
1522 1190 1523 1209 1

258 1232 276 1291 6
344 1233 456 1296 Nonne
480 1236 699 1296 contumacem
723 1230 871 1293 ancillam
895 1230 968 1293 data
987 1229 1047 1293 sibi
1067 1232 1225 1311 potestate
1246 1226 1322 1293 Sara
1339 1228 1436 1311 potius

301 1340 483 1423 affligebat?
517 1344 550 1403 et
577 1338 688 1419 ntique
721 1354 781 1401 non
807 1355 886 1409 eam,
913 1354 1007 1417 quam
1031 1336 1183 1429 ,superius
1211 1335 1363 1399 beneficio
1385 1354 1436 1399 suo
1522 1328 1523 1349 ³

299 1452 434 1510 matrem
467 1446 594 1521 fecerat,
628 1443 797 1508 crudeliter·
825 1442 943 1517 oderat,
967 1442 1022 1507 sed
1046 1444 1077 1506 in
1101 1462 1137 1507 ea
1161 1442 1341 1525 superbiam
1365 1444 1438 1505 salu·

300 1553 398 1616 briter
421 1551 596 1615 edomabat.
620 1568 681 1613 non
704 1551 812 1612 autern
836 1548 972 1632 ignoras,
998 1550 1081 1629 quod
1100 1548 1180 1613 istae
1200 1549 1282 1613 duae
1302 1549 1438 1613 mulieres

303 1660 379 1724 Sara
411 1662 444 1722 et
470 1660 555 1741 Agar
582 1660 615 1720 et
644 1655 706 1721 duo
734 1654 792 1719 filii
816 1674 924 1719 earum
949 1656 1038 1719 lsaao
1062 1660 1094 1719 et
1116 1657 1256 1720 lsmabel
1280 1675 1335 1738 pro
1359 1656 1439 1739 spiri·
1455 1680 1472 1712 n
1522 1704 1523 1741 3

301 1766 420 1830 talibus
445 1770 477 1828 et
500 1763 678 1828 carnalibus
702 1761 892 1846 figmentum
922 1765 954 1826 et
977 1782 1051 1825 cum
1074 1763 1217 1847 legamus
1243 1762 1386 1827 ancillam
1413 1769 1438 1825 et
1522 1782 1523 1807 i

302 1876 403 1937 lilium
437 1874 505 1935 eius
533 1890 552 1934 a
581 1870 657 1935 Sara
688 1888 801 1951 passos
834 1888 946 1953 graues
979 1869 1153 1935 molestias.
1186 1871 1308 1934 Paulus
1344 1878 1438 1933 tamen

303 1980 467 2063 apostolus
501 1978 589 2054 dicit,
623 1974 707 2057 quod
736 1975 774 2039 ab
804 1975 961 2040 ismahele
988 1976 1242 2057 persecutionem
1267 1978 1312 2041 sit
1333 1995 1439 2059 passus
1522 2000 1523 2009 2

303 2086 407 2151 Isaac:
433 2084 510 2151 Sed
533 2084 647 2149 sicut
665 2086 770 2157 tunc,
791 2082 905 2165 inquit,
925 2082 1010 2159 ille,
1035 2083 1104 2165 qui
1124 2086 1210 2147 erat
1229 2082 1438 2148 secundum

304 2212 472 2257 caruem.
506 2190 834 2275 persequebatur
871 2210 966 2267 euru,
1000 2192 1066 2272 qui
1106 2194 1191 2254 erat
1228 2190 1473 2255 secundusne

279 2288 507 2382 spiritum,
537 2300 596 2362 ita
620 2302 659 2360 et
680 2316 794 2375 nunc,
819 2302 864 2375 ut,
890 2296 944 2378 qui
967 2302 1113 2378 possunt,
1137 2298 1326 2381 intellegant
1347 2297 1440 2380 magis
1522 2336 1523 2371 p

304 2402 471 2467 ecclesiam
496 2402 685 2467 catholicam
709 2404 960 2486 persecutionem
986 2405 1052 2486 pati
1071 2404 1219 2486 snperbia
1237 2408 1269 2468 et
1286 2404 1441 2487 impietate

304 2509 487 2585 carnalium,
513 2528 593 2590 quos
617 2510 845 2592 temporalibus
867 2511 1022 2575 molestiis
1042 2514 1136 2593 atque
1155 2510 1328 2575 tenoribus
1348 2528 1441 2574 emer-

305 2616 378 2680 dare
417 2620 557 2681 conatur.
595 2616 746 2698 quiequid
781 2636 853 2701 ergo
886 2618 964 2681 facit
995 2636 1071 2681 uera
1103 2628 1134 2681 et
1165 2618 1310 2701 legitima
1341 2621 1441 2681 mater.

304 2723 400 2787 etiam
424 2724 450 2786 si
476 2742 622 2806 asperum
647 2742 853 2805 amarumque
878 2724 1043 2791 sentiatur.
1069 2744 1129 2787 nou
1154 2724 1272 2787 malum
1291 2743 1346 2804 pro
1366 2722 1440 2787 malo
1455 2742 1474 2778 s·
1521 2738 1522 2783 1

304 2830 418 2905 reddit,
452 2830 508 2894 sed
539 2830 657 2894 bonum
691 2830 876 2914 disciplinae
910 2831 1091 2913 expellendo
1125 2831 1244 2894 malum
1272 2830 1441 2911 iniquitatis

304 2938 436 3020 adponit¹
468 2955 528 3001 non
561 2937 631 3002 odio
665 2938 798 3001 nocendi
828 2937 884 3001 sed
912 2938 1080 3002 dilectione
1110 2937 1248 3003 sanandi.
1281 2956 1354 3001 cum
1376 2936 1442 3000 boni

305 3048 337 3107 et
373 3044 450 3106 mali
487 3043 597 3107 eadem
634 3044 757 3108 faciunt
789 3044 961 3127 eademque
993 3045 1168 3127 patiuntur,
1202 3062 1261 3108 nou
1294 3043 1387 3107 factis
1416 3047 1442 3105 et

305 3151 414 3233 poenis
444 3150 500 3214 sed
528 3150 634 3214 causis
661 3151 771 3233 utique
801 3151 997 3215 discernendi
1026 3153 1112 3215 sunt.
1144 3151 1266 3215 Pharao
1300 3149 1441 3233 populum
1520 3178 1521 3219 1

305 3256 356 3320 dei
402 3256 489 3320 dun's
531 3257 694 3322 laboribus
737 3256 910 3334 adterebat,
952 3258 1080 3340 Moyses
1123 3256 1257 3321 culidem
1298 3257 1476 3339 populunir·

305 3363 401 3444 impie
430 3366 575 3444 agentern
604 3362 691 3429 deiris
720 3364 986 3429 colrercitionibus
1016 3364 1192 3447 affligebam
1226 3364 1345 3428 similia
1370 3363 1443 3427 iece-

306 3472 387 3546 runt,
413 3469 554 3533 sednon
579 3470 727 3535 similiter
755 3470 906 3551 prodesse
936 3470 1120 3547 rrolue1·unt;
1153 3472 1208 3535 ille
1237 3470 1443 3535 dominatione

397 3659 587 3720 110h.6,44
651 3661 753 3715 6Gen.
776 3662 817 3715 16.
840 3664 908 3715 1-6
973 3660 1240 3721 thal.4,28-29
1305 3661 1442 3715 Mla-'s
1519 3612 1520 3637 Χ

307 3752 394 3801 6--18
449 3751 483 3802 25
502 3748 549 3802 Ex.
570 3750 613 3803 3⁴2.
633 3751 739 3802 25-28

344 3878 356 3927 l
379 3874 455 3927 uenit
474 3872 508 3925 ad
526 3890 567 3925 rue
587 3874 647 3925 edd.
666 3890 716 3927 see.
736 3890 808 3928 saer.
829 3876 879 3928 loll.
954 3880 1027 3931 uerit.
1042 3878 1106 3927 m.2
1121 3875 1197 3927 ueriit
1213 3874 1238 3926 P
1286 3878 1442 3944 lpastoren.

308 3960 452 4031 aliquando
471 3964 494 4015 C
545 3962 718 4030 flagellando,
737 3968 801 4016 sre.2
821 3964 871 4017 dcl.
893 3962 945 4015 and
964 3963 990 4015 L
1028 3964 1042 4015 7
1057 3968 1123 4030 post
1138 3978 1217 4031 quarn
1236 3980 1293 4017 ras.
1314 3962 1408 4015 1-21.
1424 3960 1447 4012 l’
1518 4022 1519 4033 γ

307 4052 324 4103 8
343 4051 477 4119 superbia,
497 4056 559 4103 ›n‚2
578 4052 732 4120 superbiam
749 4052 773 4104 (¹
821 4055 837 4106 9
858 4051 908 4105 due
929 4053 979 4105 iste
998 4054 1021 4105 (³
1070 4052 1103 4105 10
1123 4053 1345 4119 pro—nrolesrias
1359 4068 1407 4104 om.
1422 4051 1443 4100 A

309 4142 341 4193 lb
366 4156 426 4191 eum
450 4140 506 4209 qui]
532 4156 593 4192 euni
618 4142 662 4209 qui
688 4157 747 4193 eum
772 4146 857 4209 (posi.
883 4158 941 4194 euni
968 4140 1018 4193 del.
1044 4146 1112 4207 aad)
1137 4140 1174 4193 M
1253 4144 1285 4195 16
1309 4144 1335 4193 et
1358 4156 1406 4194 om.
1428 4138 1446 4189 ζ’

310 4228 341 4281 17
362 4228 496 4281 catholica
515 4246 531 4282 a
550 4230 659 4295 (adel.)
681 4229 705 4283 C
775 4231 832 4299 pati
851 4246 899 4300 pro
919 4229 1044 4299 superbia
1062 4228 1088 4282 L
1144 4230 1177 4283 18
1196 4230 1328 4283 molestiis
1346 4246 1400 4281 rus.
1417 4243 1446 4278 eu

307 4316 438 4369 molestus
457 4316 494 4370 M
545 4318 580 4371 ‘20
599 4320 694 4372 etaiam
717 4324 739 4383 (s
759 4324 841 4385 eras.)
862 4318 898 4371 Μ’
944 4321 978 4369 26
999 4318 1234 4381 cohercitionibus‚
1253 4322 1316 4371 m.2
1335 4316 1444 4371 coherci-

309 4405 460 4457 tationibus
483 4408 505 4459 C
523 4406 725 4460 cohertionibus
744 4406 805 4461 ML
