3092 5217
518 490 603 552 40
1220 488 1274 542 S.
1331 486 1606 540 Aureli
1663 484 2095 553 Augustini

515 681 738 766 lingua
782 684 1161 762 usurpatum
1210 683 1327 758 est,
1377 680 1497 745 nisi
1549 699 1694 745 eum
1745 679 1950 762 epulis
1998 678 2385 761 indulgetur,
2433 682 2579 751 uta
2616 677 2802 741 ratio·

520 789 618 853 nis
663 789 918 853 tramite
967 788 1298 852 deuietur?
1345 787 1510 851 unde
1558 788 1856 852 animalia
1898 787 2138 851 ratione
2186 786 2462 849 carentia
2506 785 2804 849 dicuutur

520 895 720 979 aloga,
769 895 1001 977 quibus
1048 896 1292 959 similes
1341 897 1491 958 sunt
1537 894 1745 959 uentri
1801 894 2019 959 dediti.
2083 897 2340 976 propter
2395 891 2561 975 quod
2606 892 2803 955 inmo-

520 1001 805 1065 deratum
853 1000 1243 1078 conuiuium,
1293 1020 1417 1082 quo
1466 1020 1666 1078 mens,
1715 1000 1777 1063 in
1818 1021 1942 1083 qua
1974 1000 2136 1064 ratio
2177 999 2556 1078 dominatur,
2593 997 2804 1082 ingur-

520 1109 824 1191 gitatione
874 1107 1169 1172 uescendi
1216 1126 1287 1171 ae
1342 1107 1600 1171 bibendi
1657 1107 1931 1189 quodam
1987 1107 2173 1172 modo
2232 1106 2539 1181 obruitur,
2597 1106 2806 1188 alogia
2876 1125 2903 1162 5

520 1217 938 1298 nuncupatur.
1011 1215 1270 1296 insuper
1342 1215 1532 1279 etiam
1609 1218 1864 1298 propter
1937 1216 2149 1279 eibum
2224 1233 2296 1279 ac
2379 1216 2599 1296 potum
2682 1232 2802 1275 non

521 1322 749 1387 mentis
788 1322 900 1387 sed
938 1322 1177 1386 uentris
1227 1322 1436 1405 alogia
1483 1321 1609 1386 diei
1657 1322 1957 1385 dominici
2005 1321 2159 1385 dicit
2207 1339 2348 1385 esse
2396 1318 2800 1383 cantandum:

523 1428 874 1509 Saturasti‚
961 1429 1252 1504 domine,
1338 1430 1612 1492 animam
1703 1428 1949 1492 inanem
2043 1431 2108 1492 et
2196 1427 2435 1509 potasti
2534 1426 2803 1489 animam

522 1537 864 1602 sitientem.
932 1555 966 1600 o
1031 1535 1241 1599 uirum
1321 1534 1703 1616 spiritalem!
1786 1555 1821 1599 o
1895 1554 2198 1618 magnum
2265 1532 2696 1597 ieiunatorem!
2768 1552 2802 1595 o

523 1642 864 1705 carnalium
912 1641 1426 1723 reprehensorem
1476 1644 1541 1705 et
1586 1660 1708 1705 non
1756 1640 2306 1705 uentricultorem!
2357 1658 2501 1703 ecee
2547 1639 2802 1721 quinos
2849 1659 2908 1698 10

523 1748 834 1825 admonet,
901 1768 977 1812 ne
1040 1747 1183 1831 lege
1247 1748 1490 1811 uentris
1563 1749 1771 1831 legem
1848 1747 2083 1812 domini
2157 1764 2654 1829 corrumpamuS,
2730 1764 2803 1807 ne

521 1874 750 1936 panem
799 1856 958 1920 caeli
1005 1854 1359 1920 uendamus
1410 1873 1557 1919 esea
1601 1858 1867 1931 terrena,
1926 1860 1988 1918 et
2044 1854 2359 1937 adiungit:
2425 1850 2608 1930 ‘Quia
2662 1869 2805 1915 esea

521 1961 726 2025 Adam
771 1961 1062 2044 paradiso
1112 1962 1320 2044 periit,
1379 1980 1525 2026 esea
1578 1961 1750 2026 Esau
1804 1960 2114 2044 primatus
2173 1960 2428 2024 amisit'.
2496 1977 2640 2023 ecee
2695 1958 2800 2038 qui

524 2068 705 2132 dicit:
773 2069 909 2131 ‘Est
963 2069 1130 2132 enim
1188 2068 1452 2133 Satanae
1508 2068 1750 2132 usitata
1805 2068 2119 2131 calumnia
2163 2065 2498 2149 temptatio
2543 2063 2803 2139 uentris„

524 2175 628 2239 cui
685 2175 1007 2240 modicum
1072 2175 1319 2251 suadet,
1387 2177 1461 2239 ut
1525 2175 1770 2240 auferat
1830 2179 2059 2240 totum.
2138 2178 2203 2238 et
2265 2174 2532 2249 horum’,
2579 2171 2803 2253 iuquit,
2848 2190 2908 2230 ιε,

520 2281 973 2364 ‘interpretatio
1018 2286 1500 2365 praeceptorum
1547 2282 1931 2347 uentrieolas
1979 2282 2189 2345 minus
2236 2280 2569 2344 incuruat'.

436 2383 516 2446 12
610 2387 831 2452 Nonne
877 2389 979 2454 his
1027 2389 1239 2453 uerbis
1287 2390 1422 2453 suis
1470 2388 1536 2452 id
1584 2408 1769 2471 agere
1814 2388 2091 2467 uidetur,
2128 2391 2204 2451 ut
2240 2388 2433 2451 etiam
2472 2386 2573 2450 die
2611 2385 2806 2450 domi-

523 2492 661 2557 nico
708 2493 1063 2560 ieiunetur?
1113 2494 1390 2577 alioquin
1440 2496 1720 2559 sanctior
1766 2496 1882 2559 erit
1929 2495 2178 2560 sabbati
2224 2494 2382 2570 dies,
2430 2512 2554 2576 quo
2611 2492 2805 2556 domi-

524 2618 643 2663 nus
690 2598 754 2663 in
804 2604 1212 2666 monumento
1259 2602 1598 2684 requieuit,
1650 2622 1836 2684 quam
1885 2602 2265 2678 dominicUS,
2304 2621 2428 2683 quo
2467 2619 2503 2663 a
2539 2597 2804 2664 mortuis

523 2707 882 2771 resurrexit.
930 2708 1212 2773 sanetius
1261 2713 1358 2773 est
1407 2709 1574 2773 enim
1618 2709 1899 2792 profecto
1949 2709 2308 2787 sabbatum,
2356 2706 2805 2781 siseeundum
2849 2724 2913 2765 20

524 2812 719 2875 uerba
765 2813 957 2877 huius
1004 2814 1067 2877 in
1115 2814 1378 2879 sabbato
1423 2835 1537 2898 per
1581 2815 1889 2879 ieiunium
1947 2820 2278 2898 peecatum
2336 2833 2516 2880 omne
2570 2814 2810 2878 nitatur

526 2922 608 2995 et,
667 2919 834 3000 quod
893 2919 1032 2984 aliis
1090 2920 1315 2984 diebus
1373 2925 1767 2986 contractum
1824 2927 1943 3000 est,
2002 2921 2310 2998 aboletur,
2366 2922 2428 2984 in
2494 2919 2808 2986 dominico

526 3026 740 3087 autem
789 3044 898 3106 per
945 3045 1152 3090 eseam
1203 3027 1442 3090 uentris
1489 3027 1826 3107 temptatio
1876 3046 1997 3092 non
2046 3030 2309 3092 cauetur
2354 3030 2420 3091 et
2464 3026 2810 3091 diabolicae

527 3129 878 3195 calumniae
924 3132 1105 3197 loeus
1157 3132 1341 3198 datur
1387 3137 1452 3198 et
1503 3134 1796 3216 paradiso
1851 3134 2094 3216 peritur
2149 3138 2215 3199 et
2267 3134 2575 3217 primatus
2632 3132 2811 3197 amit-

705 3336 735 3388 7
771 3335 862 3390 Ps.
905 3338 1022 3401 106,
1061 3337 1120 3402 93
1159 3337 1306 3392 Hier.
1347 3339 1432 3404 31,
1469 3339 1538 3393 25

596 3493 629 3545 3
667 3492 820 3546 aloea
856 3492 932 3545 Ρ2
1040 3494 1218 3549 dedici
1254 3495 1333 3548 P²
1428 3497 1464 3550 4
1503 3495 1794 3550 conuiuum
1830 3495 1909 3549 1³²
2014 3497 2071 3549 in
2110 3498 2237 3567 qua]
2276 3497 2333 3549 in
2372 3513 2476 3566 quo
2514 3497 2571 3550 P
2666 3502 2696 3554 5
2726 3498 2810 3560 ad,

526 3598 661 3635 cor-r.
705 3598 766 3636 ae
793 3580 873 3635 Ρ2
1011 3583 1237 3637 uiuendi
1264 3584 1340 3637 P¹
1485 3588 1517 3640 6
1554 3589 1762 3654 putum,
1802 3602 1938 3639 corr.
1977 3590 2164 3654 potum
2192 3587 2260 3638 H
2391 3586 2422 3639 7
2460 3588 2656 3648 uentri,
2684 3605 2749 3640 m.
2775 3592 2814 3641 2

525 3670 729 3723 uentris
756 3669 831 3724 P¹
939 3671 1120 3741 alogia
1157 3689 1258 3726 om.
1296 3673 1481 3741 spatio
1523 3676 1672 3729 5-6
1712 3674 1745 3728 l.
1784 3674 1973 3729 relicto
2000 3673 2075 3726 P¹
2182 3674 2308 3744 diei]
2349 3675 2494 3729 diedi
2532 3676 2610 3730 P2
2716 3676 2810 3730 do-

527 3758 722 3812 minico
760 3759 834 3812 P¹
1005 3764 1283 3814 cantatum
1323 3762 1399 3815 Ρι
1543 3764 1575 3817 9
1616 3780 1646 3815 o
1686 3763 1977 3816 carnalium
2014 3765 2451 3833 reprehensorem
2490 3783 2519 3820 o
2558 3782 2811 3835 magnum

524 3847 877 3901 ieiunatorem
916 3848 1203 3904 P¹P²P³T
1234 3851 1355 3904 edd.
1450 3852 1516 3906 10
1554 3851 1760 3905 uentris
1798 3852 2058 3905 cultorem
2088 3851 2167 3905 1³³
2267 3855 2327 3907 11
2368 3870 2467 3907 nec
2494 3853 2570 3907 1²²
2678 3854 2733 3907 di
2772 3854 2819 3906 T

533 3935 594 3988 12
628 3952 731 4001 pro
769 3939 827 3988 et
859 3954 972 3993 ras.
1019 3937 1069 3988 T
1211 3940 1305 4009 qui
1341 3940 1418 3994 122
1545 3941 1611 3995 13
1652 3940 1809 3995 adam
1847 3940 1914 3995 de
1951 3940 2200 4009 paradiso
2248 3942 2300 3995 Τ
2436 3943 2723 4011 primatum
2762 3959 2814 3993 m

600 4025 713 4089 ιμιίΙ
757 4025 885 4093 qnid
925 4029 997 4081 ΡΠ
1185 4033 1245 4081 15
1289 4030 1377 4097 qui
1404 4030 1553 4098 flm
1737 4031 1802 4083 16
1842 4030 2177 4091 uentricolai.
2216 4047 2351 4086 corr.
2392 4030 2715 4084 uentricolas
2752 4029 2818 4082 H

600 4113 901 4165 inimus—id
941 4133 1041 4169 ψη.
1085 4117 1137 4169 Ρ
1317 4120 1377 4173 17
1417 4119 1527 4173 suis
1565 4134 1667 4172 om.
1707 4117 1782 4171 Ρι
1972 4116 2053 4186 id]
2089 4117 2137 4171 it
2174 4117 2247 4170 Ρ2
2430 4119 2494 4173 18
2532 4119 2704 4173 saeior
2738 4119 2817 4171 P2

528 4201 596 4253 2⁴]
636 4201 777 4253 *mim
813 4221 913 4257 ursi.
957 4205 1025 4257 1²¹²
1137 4209 1197 4257 ἘΙ
1245 4209 1295 4257 iu
1335 4223 1436 4262 om.
1475 4207 1595 4260 ΗΡ
1733 4206 1953 4260 uidatur
1987 4204 2066 4259 Ρ2
2200 4208 2268 4260 22
2309 4207 2495 4261 diebus
2534 4208 2655 4262 aliis
2693 4207 2813 4261 edd.

528 4289 596 4341 ⁴33
636 4293 833 4357 earam!
877 4309 965 4341 esu
1009 4293 1077 4341 Ρ·
1263 4312 1367 4347 nun
1407 4296 1650 4364 cauetur]
1691 4297 1915 4349 uacatur
1960 4294 2011 4347 T
2186 4296 2253 4349 24
2293 4299 2350 4349 et
2387 4312 2419 4349 a
2453 4294 2703 4365 paradiso
2743 4295 2815 4349 Ρι

600 4377 925 4433 ammittitur
953 4381 1005 4433 P

3067 4409 3074 4417 .
3051 4329 3073 4370 fl
3069 4243 3079 4299 ,Μ
