3092 5217
387 498 651 566 epistularum
678 496 761 553 XCII.
791 496 866 553 xcll
885 499 916 551 A.
946 498 1042 553 XCIII.
1222 504 1286 566 445

140 692 207 756 eins
231 691 263 755 in
288 710 324 757 eo
350 690 508 775 defigitur,
532 694 570 755 ut
592 692 626 755 id
653 711 688 756 se
716 698 900 775 praesumat
929 743 1284 761 ...............

140 817 196 881 ogo
220 803 328 863 antem
352 798 470 879 gratias
495 798 658 863 dilectioni
682 802 766 877 tuae,
792 800 877 881 quod
900 800 978 864 mihi
1007 821 1052 877 en,
1082 822 1161 884 qnae
1190 822 1286 885 popo-

140 906 193 979 sci,
218 904 352 988 legenda
376 904 502 969 misisti.

652 1096 767 1163 XCIII.

267 1238 525 1293 Drtnstrrsslnro
545 1239 680 1293 FRATRI
698 1239 898 1295 VINCENI'IO
918 1238 1158 1295 AUGUS'I'INUS.

178 1366 296 1450 Accepi
329 1367 509 1449 epistulam,
543 1386 639 1449 quam
669 1368 758 1431 tuam
792 1385 862 1431 esse
894 1386 955 1432 non
988 1369 1065 1432 mihi
1102 1367 1284 1433 incredibile

140 1475 244 1539 uisum
274 1477 337 1548 est3
371 1473 488 1537 adtulit
515 1474 599 1537 eninr
628 1493 707 1550 eam,
732 1494 827 1556 quern
851 1474 1044 1539 catholicum
1069 1473 1284 1540 Christianum

140 1600 207 1645 esse
231 1583 399 1657 constaret,
424 1580 490 1662 qui,
510 1583 547 1645 ut
565 1581 684 1663 opinor,
705 1581 785 1644 mihi
804 1581 930 1645 mentiri
949 1582 1064 1646 audere
1083 1601 1143 1647 uon
1163 1586 1282 1663 posset.

139 1687 192 1751 sed
223 1687 286 1751 etsi
318 1687 400 1751 forte
433 1705 494 1751 non
528 1691 603 1751 sunt
635 1687 759 1752 litterae
793 1690 878 1763 tuae,
908 1706 966 1771 ogo
997 1688 1036 1765 ei,
1065 1689 1118 1771 qui
1143 1689 1282 1769 scripsit,

104 1822 124 1858 ιο
139 1794 371 1859 rescribendum
403 1794 516 1875 putaui
543 1813 626 1858 nunc
655 1813 706 1858 rne
729 1795 837 1877 potius
861 1794 979 1876 quietis
1004 1814 1074 1859 esso
1097 1794 1227 1859 auidum
1252 1798 1284 1859 et

139 1904 294 1983 petentem
332 1919 427 1983 quarn
463 1903 549 1975 tnnc,
587 1919 661 1965 cum
698 1919 749 1964 me
787 1900 1023 1965 adulescentem
1067 1901 1143 1965 uiuo
1181 1900 1283 1965 adhuc

138 2008 270 2091 Rogata
294 2007 346 2071 cni
370 2007 567 2082 successisti,
592 2006 675 2089 apud
695 2006 917 2090 Carthaginem
938 2026 1081 2073 nouenae.
1106 2008 1162 2073 sed
1182 2008 1284 2072 Dona·

139 2113 230 2179 tistne
258 2113 392 2177 nimium
420 2113 554 2197 inquieti
583 2117 667 2191 sunt,
697 2133 778 2195 quos
809 2134 866 2195 per
889 2113 1047 2179 ordinatas
1072 2134 1088 2177 a
1113 2115 1171 2179 deo
1195 2117 1282 2197 pote·

140 2224 236 2285 states
261 2220 401 2285 cohiberi
430 2224 524 2302 atque
548 2220 665 2304 corrigi
692 2239 754 2286 non
784 2220 862 2285 mihi
890 2221 1018 2285 uidetur
1051 2222 1174 2286 inutile.
1209 2240 1281 2285 iram

104 2354 124 2393 n
141 2324 176 2389 de
205 2326 382 2391 multorum
413 2326 477 2390 iam
510 2328 702 2392 correctione
736 2326 923 2411 gandemus,
952 2328 1006 2409 qui
1034 2332 1100 2392 tarn
1129 2328 1283 2393 ueraciter

139 2431 290 2497 unitatem
327 2432 517 2497 catholicam
555 2437 666 2499 tenent
701 2437 795 2515 atque
830 2434 1003 2499 defenduut
1034 2438 1067 2498 et
1099 2454 1116 2497 a
1148 2434 1281 2517 pristino

140 2558 237 2603 errore
263 2558 298 2603 se
324 2538 475 2604 liberatos
505 2559 576 2604 esse
602 2541 769 2617 laetantur,
799 2544 835 2604 ut
864 2560 917 2605 eos
942 2560 1012 2605 oum
1038 2560 1153 2624 magna
1175 2544 1283 2625 gratn-

138 2645 251 2709 latione
275 2645 435 2711 miremur.
461 2646 515 2726 qni
538 2649 643 2711 tamen
667 2648 773 2711 nescio
799 2666 861 2729 qua
883 2646 917 2710 ui
937 2647 1175 2711 consuetudinis
1194 2647 1282 2712 nullo

174 2891 187 2942 l
207 2890 339 2943 laninam
356 2890 517 2958 ripntfioani
570 2890 586 2942 3
605 2890 723 2960 Explicit
742 2890 776 2943 ad
796 2891 950 2960 cyprianum
971 2891 1156 2960 presbytorum
1175 2892 1204 2945 E

241 3031 277 3084 14
293 3057 328 3078 =
348 3031 407 3087 cod.
425 3032 606 3085 Monacensis
626 3036 707 3086 6266
724 3050 744 3086 s.
766 3035 802 3085 X.

241 3122 267 3173 A
296 3146 329 3165 2:
350 3120 408 3173 cod.
427 3120 735 3189 Andomaropolo'tanno
756 3124 802 3183 76,
824 3126 851 3177 8.
874 3124 890 3174 9
908 3138 929 3174 s.
951 3122 1071 3179 X—XI.

243 3211 266 3257 (ἵ
293 3234 328 3255 =
348 3209 407 3263 cod.
429 3209 589 3262 (Jcsr'neneio
608 3208 667 3261 16¹⁹
685 3226 705 3265 s.
725 3210 780 3263 XI.

239 3299 266 3351 P
291 3323 327 3343 =
346 3298 405 3351 cod.
424 3298 578 3351 Parisinus
595 3314 661 3350 non.
681 3313 732 3365 ocq
758 3303 836 3351 1444
854 3314 875 3353 s.
896 3300 950 3352 XI.

240 3387 273 3439 N
294 3412 328 3432 -ε
349 3387 407 3441 cod.
427 3387 619 3441 Atrebatcneis
639 3390 698 3439 949
717 3391 798 3452 (339)
818 3404 839 3442 8.
860 3388 920 3451 XL·
940 3388 1052 3442 desunt:

344 3494 375 3543 p.
396 3480 463 3541 445,
486 3478 555 3528 5-
578 3477 816 3538 456‚17etiam;

344 3582 373 3632 p.
395 3568 462 3626 466,
484 3569 502 3617 3
520 3566 628 3634 apernit
646 3596 680 3604 -
702 3567 768 3627 466,
788 3569 823 3619 14
844 3572 958 3633 sprauto:

344 3670 374 3721 p.
396 3654 694 3715 47⁶‚16testimouia
714 3684 746 3692 -
769 3657 836 3715 479,
853 3656 907 3719 25,-

343 3758 374 3809 p.
396 3744 462 3802 492,
481 3744 673 3810 21tamquam
695 3772 724 3781 -
748 3743 818 3801 496,
836 3746 855 3796 8

240 3832 267 3885 n
295 3854 330 3875 =
349 3831 407 3884 cod.
427 3830 503 3886 Mna.
522 3832 595 3884 Brit.
613 3830 681 3899 Rep.
704 3830 769 3883 51)
793 3830 838 3884 VI
852 3848 873 3883 e.
895 3831 1051 3885 ,II-XII.

241 3920 266 3972 L
294 3945 328 3965 =
348 3920 406 3973 cod.
426 3918 596 3973 Marcianus
617 3923 676 3972 637
693 3936 713 3973 s.
735 3920 809 3972 XII.

177 4046 193 4097 5
209 4044 419 4111 Inscriptionem
432 4059 483 4097 orn.
497 4044 524 4096 L
577 4042 758 4113 Augustinus]
780 4044 939 4113 augustinns
959 4044 987 4096 in
1002 4042 1111 4097 domino
1124 4044 1238 4098 salntem
1254 4044 1282 4098 n

146 4132 161 4182 6
179 4132 263 4202 accipe
282 4133 308 4186 A
380 4132 448 4185 mihi
467 4148 520 4185 non
541 4130 611 4184 lrnr
699 4132 717 4185 8
736 4132 835 4185 andero
855 4148 909 4185 nou
927 4132 1031 4201 posset]
1051 4149 1105 4184 non
1125 4131 1238 4187 auderet
1258 4134 1283 4187 L

146 4220 203 4271 edd.
254 4222 286 4275 12
306 4220 389 4290 apud]
410 4223 438 4273 et
457 4219 529 4290 apud
543 4220 570 4272 L
621 4221 654 4273 14
674 4220 810 4289 cohibetis
832 4218 840 4278 I
840 4227 927 4288 postr.
944 4222 960 4274 l.
976 4238 1009 4274 m.
1026 4226 1041 4274 1
1056 4222 1087 4275 in
1101 4236 1156 4277 roo.
1174 4225 1191 4275 6
1206 4222 1234 4288 l.)
1249 4221 1287 4275 M

179 4308 241 4362 mihi
258 4327 309 4363 uon
330 4308 390 4363 edd.
460 4310 493 4363 17
512 4313 544 4363 ut
561 4326 661 4379 magna
673 4310 677 4381 1
690 4325 744 4374 eos,
763 4324 833 4365 corr.
853 4314 912 4363 nel
931 4313 962 4362 ut
980 4325 1039 4363 cum
1058 4325 1157 4377 magna
1185 4326 1230 4363 cos
1249 4310 1286 4363 ol

149 4396 179 4449 18
193 4397 257 4451 *ullo
275 4397 311 4453 M
