3092 5217
304 476 369 539 364
654 474 680 523 S.
709 472 845 526 Aureli
874 472 1090 541 Augustini

302 668 414 750 nisque
446 668 660 752 congruentia,
694 684 766 732 cum
800 686 850 731 me
883 664 1014 730 adiuuet
1042 664 1136 729 etiam
1166 666 1352 747 prophetica
1378 686 1440 731 sen·
1512 658 1513 663 ’

301 776 412 851 tentia,
445 794 507 858 qua
539 774 617 839 dicit
649 773 727 839 deus
760 792 795 837 so
823 773 869 837 illi
898 772 1015 855 populo
1044 772 1170 839 dedisse
1197 778 1364 857 praecepta
1385 794 1442 838 non

302 882 404 947 tiana?
437 882 516 946 forte
548 882 630 945 enim
660 885 827 964 propterea
855 900 915 945 non
944 879 1022 946 dixit
1048 884 1132 945 mala
1160 882 1215 947 sed
1238 884 1365 947 tantum
1387 902 1441 947 non

302 990 393 1054 hona.
425 988 459 1052 id
492 992 542 1050 est
573 1008 633 1051 non
662 988 749 1064 talia,
778 992 815 1052 ut
842 988 906 1051 illis
935 987 1077 1052 homines
1105 989 1179 1053 boni
1202 988 1279 1054 fiant
1303 992 1360 1053 aut
1382 991 1442 1054 sine

301 1095 368 1159 illis
403 1094 478 1158 honi
514 1114 574 1158 non
608 1094 694 1160 fiant.
732 1095 848 1159 uellem
883 1114 933 1159 me
967 1094 1093 1159 doceret
1120 1094 1256 1180 benigna
1284 1096 1475 1161 sinceritass

301 1207 367 1282 tua,
391 1206 498 1266 utrum
522 1202 671 1266 simulate
694 1202 863 1283 quisquam
883 1205 1012 1265 sanctus
1033 1200 1203 1279 orientalis,
1223 1222 1294 1266 cum
1315 1204 1442 1268 Romam

302 1310 434 1376 uenerit.
466 1308 589 1373 ieiunet
617 1308 749 1372 sabbato
784 1312 911 1389 excepto
944 1307 999 1371 iuo
1034 1308 1083 1371 die
1117 1308 1275 1389 paschalis
1309 1310 1442 1393 uigiliae.

302 1417 387 1499 quod
420 1416 447 1481 si
480 1417 598 1480 malum
627 1434 698 1479 esse
727 1414 907 1489 dixerimus,
936 1431 995 1478 non
1026 1416 1128 1479 solum
1153 1416 1328 1479 Romanam
1352 1419 1443 1482 eccle-

303 1524 383 1587 siam
408 1524 582 1587 sedetiam
606 1522 709 1586 multa
732 1523 761 1585 ei
785 1522 891 1585 uicina
919 1525 951 1585 et
979 1522 1139 1604 aliquanto
1168 1524 1338 1587 remotiora
1365 1524 1443 1587 darn-

302 1629 458 1706 nahimus,
496 1630 551 1693 uhi
588 1648 658 1694 mos
694 1629 779 1693 idem
813 1632 939 1693 tenetur
971 1633 1002 1693 et
1034 1632 1150 1695 manet.
1188 1629 1215 1693 si
1247 1632 1355 1693 autem
1388 1650 1441 1693 non
1460 1651 1477 1684 u

302 1737 443 1801 ieiunare
466 1736 597 1801 sabbato
621 1736 740 1800 malum
763 1736 994 1819 putauerimus‚
1017 1739 1067 1800 tot
1090 1736 1240 1801 ecclesias
1265 1736 1395 1801 orientis
1417 1742 1443 1800 et

303 1846 406 1909 multo
430 1845 579 1910 maiorem
605 1843 690 1907 orbis
714 1842 884 1907 Christiani
908 1848 1029 1923 partem
1053 1864 1116 1925 quia
1138 1846 1318 1908 temeritate
1347 1844 1442 1908 crimi-

303 1950 460 2015 nabimur!
494 1952 638 2033 placetne
670 1950 740 2022 tini,
773 1954 812 2014 ut
843 1950 982 2015 medium
1015 1950 1163 2032 quiddam
1197 1970 1266 2015 esse
1294 1950 1441 2015 dicamus.

303 2058 388 2139 quod
424 2061 529 2121 tamen
563 2058 758 2139 acceptabile
791 2058 834 2121 sit
866 2058 905 2123 ei.
939 2058 993 2139 qui
1025 2059 1085 2123 hoc
1118 2078 1177 2122 non
1212 2058 1361 2122 simulate
1393 2056 1442 2120 sed

303 2164 488 2248 congruenti
512 2164 664 2229 societate
688 2167 783 2247 atque
808 2164 1010 2228 obseruantia
1033 2164 1164 2229 fecerit?
1188 2168 1348 2229 ettamen
1372 2164 1477 2227 nihils

302 2272 374 2335 inde
397 2272 536 2355 legimus
559 2271 591 2334 iu
621 2271 780 2335 canonicis
807 2270 897 2335 libris
925 2274 1127 2355 praeceptum
1156 2290 1226 2337 esse
1250 2271 1440 2336 Christianis.

304 2382 421 2461 quanto
457 2380 560 2463 magis
597 2378 677 2443 iliud
709 2378 828 2443 malum
864 2377 967 2443 dicere
1000 2398 1061 2443 non
1094 2378 1204 2453 audeo,
1237 2377 1322 2459 quod
1354 2378 1440 2441 deum

303 2486 502 2568 praecepisse
529 2486 599 2569 ipsa
627 2485 805 2550 Christiana
832 2484 893 2549 fide
920 2504 1033 2569 negare
1061 2504 1122 2549 non
1150 2504 1293 2567 possum,
1318 2504 1379 2567 qua
1401 2484 1439 2547 di-

305 2592 367 2657 dici
390 2614 450 2657 non
475 2614 510 2658 eo
535 2612 585 2656 me
609 2592 775 2657 iustificari
800 2593 857 2657 sed
880 2592 980 2675 gratia
1004 2592 1052 2656 dei
1077 2612 1132 2674 per
1155 2590 1260 2656 Iesum
1286 2591 1438 2657 Christum
1515 2616 1516 2647 u

189 2766 195 2779 ,
304 2698 467 2765 dominum
491 2704 648 2765 nost-rum!
1453 2718 1473 2753 a

252 2808 292 2869 15
347 2806 426 2871 Dico
460 2826 533 2890 ergo
566 2806 838 2871 circumcisionem
869 2807 1026 2890 praeputii
1054 2810 1087 2871 ct
1114 2811 1218 2871 cetera
1242 2807 1338 2871 huius
1360 2806 1437 2871 modi

303 2912 399 2995 priori
421 2913 539 2995 populo
562 2933 617 2995 par
640 2916 878 2989 testamentum,
903 2912 986 2995 quod
1016 2917 1109 2978 rietus
1138 2914 1263 2990 dicitur,
1293 2913 1437 2978 diuinitus

303 3019 377 3085 data
408 3020 447 3083 ad
475 3020 740 3103 significationem
767 3019 958 3085 futurorum.
988 3038 1067 3101 quae
1094 3040 1150 3103 per
1173 3020 1334 3085 Christum
1358 3040 1437 3103 opor-

302 3128 390 3192 tebat
411 3128 546 3211 impleri.
564 3128 687 3211 ¹quihus
710 3126 953 3193 aduenientibus
976 3129 1166 3193 remansisse
1187 3128 1241 3191 illa
1261 3128 1436 3193 Christianis

301 3234 436 3317 legenda
459 3239 583 3300 tantum
607 3236 646 3299 ad
668 3235 918 3319 intellegentiam
948 3236 1139 3316 praemissae
1165 3236 1357 3317 prophetiae,
1383 3252 1435 3296 non
1452 3250 1471 3286 n

393 3463 408 3513 ‘2
429 3461 523 3514 Erech.
543 3460 586 3515 20.
606 3462 641 3513 25
696 3463 729 3513 111
748 3460 825 3511 Runa.
846 3464 870 3515 :a
890 3460 924 3510 ‘24

341 3585 353 3637 1
375 3584 486 3639 adiubet
505 3585 555 3637 111
573 3584 706 3637 adiuuent
729 3588 759 3644 tn
783 3584 853 3651 exp.)
873 3582 909 3635 M
1016 3584 1097 3636 etiam
1116 3600 1166 3640 aas.
1187 3583 1223 3638 M
1311 3586 1328 3639 2
1346 3586 1405 3653 quia
1424 3584 1437 3634 1

302 3675 489 3728 daut—fiant
507 3690 558 3727 om.
578 3676 604 3725 Α
658 3673 801 3727 tuelle]
855 3672 948 3725 docere
968 3672 1000 3725 H
1054 3676 1177 3727 6utrum
1198 3673 1333 3743 simulate]
1352 3690 1433 3726 neuun
1499 3716 1502 3723 .

303 3764 453 3818 simulatl
503 3764 640 3817 Sertorium
660 3762 687 3814 P
758 3779 816 3815 esse
836 3776 886 3815 om.
906 3760 938 3814 H
991 3763 1127 3831 9uicinal
1147 3764 1326 3831 prouincia!
1391 3763 1433 3816 ali-

303 3852 411 3922 quando
430 3853 452 3904 I
497 3858 562 3919 post
581 3852 727 3903 remotiora
745 3855 808 3903 anit)
826 3868 846 3903 s.
866 3866 892 3903 u.
912 3850 973 3903 loca
992 3848 1026 3900 P*
1046 3852 1188 3903 remotiore
1208 3850 1235 3903 P
1282 3854 1311 3905 11
1331 3852 1433 3921 putabe-

303 3942 385 3995 rimus
405 3941 456 3994 HI
509 3941 541 3993 13
561 3943 592 3992 ut
611 3939 703 3993 om.R
755 3940 787 3991 14
807 3938 931 4006 (paritque
950 3938 977 3990 P
1030 3938 1081 3992 lroc
1100 3956 1151 3995 orsa.
1170 3940 1222 3993 HI
1274 3942 1392 3993 simulate
1411 3949 1432 3991 (e

303 4031 500 4096 emam.1)A
557 4032 589 4083 15
609 4028 817 4097 congrueniisl
886 4026 1021 4095 adquoH
1076 4030 1107 4081 16
1126 4027 1235 4097 legiH
1289 4030 1320 4083 17
1340 4028 1432 4083 audebo

302 4118 354 4171 ΗΙ
397 4118 429 4170 18
449 4118 507 4187 ipse
526 4118 552 4169 A
612 4132 753 4186 possumus
772 4116 804 4169 H
863 4116 970 4185 quiaA
1031 4116 1124 4185 didici]
1145 4116 1246 4170 dicitur
1265 4118 1301 4171 P¹
1346 4119 1377 4171 19
1394 4118 1431 4183 eol

303 4206 393 4275 egoI
456 4208 510 4275 me]
530 4222 590 4259 meo
609 4206 646 4259 M
716 4204 759 4258 dci
778 4206 865 4258 oua]
934 4205 1062 4257 christum
1082 4222 1132 4259 om.
1152 4206 1241 4259 ΡΜΔ
1313 4208 1344 4260 ‘21
1364 4206 1431 4274 ergnl

303 4295 373 4347 enim
392 4294 445 4347 HI
527 4294 762 4347 circumcisione]
852 4294 886 4346 23
907 4293 999 4347 datum
1019 4293 1068 4346 HI
1155 4296 1309 4364 ‘adprensis
1345 4296 1432 4350 saccis

302 4383 407 4448 eras.?)
430 4386 455 4435 A
