3092 5217
314 483 378 546 482
673 480 700 533 S.
728 479 863 534 Aureli
893 480 1110 550 Augustini

315 679 510 742 sacramenta
543 693 616 740 oum
648 675 869 758 peccatoribus
903 674 1180 752 communicando,
1214 675 1300 740 sicut
1328 675 1447 759 putatis.

315 783 409 866 periit
428 781 573 862 ccclesia,
599 801 678 864 quae
702 781 806 847 fuerat
826 781 859 846 in
880 781 954 846 orbe
977 784 1130 846 terrarum
1149 817 1194 826 —
1212 800 1286 846 nam
1308 800 1367 846 nos
1387 781 1447 846 ideo

315 889 487 973 separastis
525 927 578 968 ——,
620 889 683 954 iarn
721 889 809 972 prius
846 892 916 953 tota
952 888 1098 971 perierat,
1140 907 1226 966 oum,
1267 888 1354 953 siout
1382 888 1449 952 dicit

316 995 500 1080 Cyprianus,
534 997 565 1060 in
595 1015 664 1061 eam
693 996 760 1061 sine
788 995 948 1079 baptismo
976 994 1234 1072 admittebantur,
1266 1014 1305 1060 ac
1333 995 1378 1060 sic
1402 1014 1449 1060 nec

314 1105 383 1188 ipse
421 1103 596 1188 Cyprianus
633 1103 781 1183 habebat,
809 1102 841 1166 in
869 1121 933 1184 qua
964 1102 1099 1167 ecclesia
1124 1105 1317 1181 nasceretur,
1347 1105 1483 1184 quantos

317 1211 419 1294 magis
451 1210 554 1274 multo
586 1208 744 1293 posterior
776 1211 885 1273 uester
917 1211 1028 1273 auctor
1058 1210 1211 1291 paterque
1242 1208 1399 1274 Donatus!
1428 1209 1451 1272 ai

316 1321 423 1381 autern
447 1317 503 1380 illo
527 1320 679 1398 tempore,
703 1334 777 1381 cum
800 1315 832 1380 in
852 1333 921 1380 eam
940 1314 1008 1380 sine
1027 1315 1185 1398 baptismo
1205 1314 1451 1380 admittebantur.

317 1428 384 1488 erat
421 1425 526 1486 tamen
564 1421 707 1500 ecclesia,
752 1439 832 1504 quae
867 1422 994 1503 pareret
1030 1419 1231 1503 cyprianum,
1272 1424 1395 1503 parerat
1426 1427 1451 1484 et

317 1531 487 1606 Donatum,
524 1529 727 1594 manifestum
764 1531 814 1592 est
850 1547 910 1595 non
941 1527 1149 1593 conmminari
1182 1527 1288 1592 iustos
1324 1529 1452 1611 peccatis

317 1637 440 1713 alienis,
463 1636 587 1718 quaudo
612 1655 685 1700 cum
709 1635 754 1700 eis
779 1639 977 1700 sacramenta
999 1633 1242 1700 communicant.
1266 1655 1303 1700 ac
1325 1654 1381 1717 per
1401 1634 1452 1700 boc
1468 1659 1486 1694 u

317 1743 557 1826 separationem,
581 1743 777 1824 quaesistis
800 1743 839 1806 ab
864 1741 995 1818 unitate,
1024 1759 1087 1823 qua
1109 1742 1311 1808 excusatione
1332 1742 1453 1824 possitis

316 1851 454 1927 abluere,
483 1867 544 1914 non
572 1849 695 1915 habetis
718 1847 933 1932 impleturque
956 1848 988 1912 in
1011 1847 1106 1912 uobis
1134 1853 1261 1914 sanotae
1288 1849 1452 1932 scripturae

316 1957 397 2022 illud
434 1956 612 2021 oraculum:
655 1954 781 2019 Filius
818 1953 941 2019 malus
982 1953 1065 2037 ipse
1104 1975 1142 2020 se
1180 1955 1321 2020 iustum
1359 1955 1452 2020 dicit

317 2063 458 2128 exitum
482 2067 607 2126 autern
631 2081 739 2126 suurn
764 2080 836 2126 non
860 2060 993 2125 abluit.

264 2169 306 2233 38
361 2168 484 2233 Meritis
508 2172 614 2233 autem
639 2168 787 2252 Cypriani
810 2167 857 2233 sic
880 2187 941 2233 non
965 2171 1127 2250 aequetur,
1146 2168 1202 2250 qui
1226 2171 1356 2251 propter
1377 2169 1452 2252 paria
1469 2192 1487 2230 a

318 2279 514 2341 sacramenta
541 2293 599 2339 neo
627 2275 715 2356 ipsos
744 2273 921 2340 haereticos
949 2274 1045 2339 audet
1066 2275 1271 2358 rebaptizare,
1296 2275 1382 2340 sicut
1401 2293 1453 2338 non

318 2385 471 2464 aequatur
497 2381 620 2446 meritis
648 2381 746 2459 Petri,
779 2380 925 2464 quisquis
953 2400 1014 2446 non
1043 2382 1130 2465 cogit
1157 2384 1268 2466 gentes
1295 2381 1454 2446 iudaizare.

318 2489 374 2554 sed
400 2489 457 2554 illa
481 2488 566 2553 Petri
594 2508 655 2553 non
684 2492 809 2553 tantum
833 2488 1022 2554 claudicatio
1052 2507 1165 2553 uerum
1192 2488 1289 2553 etiam
1313 2488 1454 2554 correctio

319 2595 483 2679 scripturis
521 2596 680 2661 canonicis
724 2594 916 2669 contimtum
959 2594 1135 2680 Cyprianus
1176 2599 1284 2661 autem
1327 2595 1455 2659 sensisse

318 2702 409 2766 aliter
431 2702 469 2767 de
494 2702 662 2784 baptismo,
687 2721 783 2784 quam
806 2702 908 2767 forma
929 2706 962 2766 et
984 2702 1182 2768 consuetudo
1205 2703 1345 2768 babebat
1367 2701 1455 2766 ecele-
1468 2721 1488 2759 s·

318 2808 395 2886 siae,
433 2827 494 2874 non
530 2807 563 2872 in
596 2809 755 2874 canonicis
792 2808 850 2873 sed
881 2809 913 2873 iu
950 2809 1017 2874 suis
1051 2812 1083 2873 et
1118 2809 1152 2873 in
1185 2807 1312 2874 concilii
1349 2808 1455 2874 litteris

318 2916 489 2981 inuenitur.
524 2915 695 2981 correxisse
723 2919 832 2980 antem
861 2915 955 2980 istam
984 2914 1173 2980 annuntiem
1200 2934 1263 2980 nou
1289 2915 1454 2980 inuenitur:

318 3041 379 3088 non
403 3023 646 3106 incongruenter
668 3022 832 3086 tumendo
855 3022 913 3087 tali
935 3022 1004 3086 uiro
1028 3021 1272 3086 existimandum
1297 3026 1357 3100 est,
1380 3019 1456 3103 quod

319 3128 487 3196 correxerit
514 3132 546 3194 et
577 3129 711 3194 fortasse
740 3146 947 3212 suppressum
976 3128 1019 3193 sit
1046 3127 1084 3192 ab
1114 3128 1172 3207 eis,
1197 3129 1253 3211 qui
1275 3128 1337 3194 boc
1364 3145 1455 3193 errore

318 3235 452 3301 nimium
466 3235 615 3301 delectati
635 3237 709 3300 sunt
723 3238 756 3302 et
768 3239 858 3300 tanto
873 3235 964 3299 uelut
980 3235 1154 3318 patrocinio
1170 3253 1274 3300 carere
1288 3236 1456 3300 noluemnt

319 3359 510 3425 quamquam
524 3359 586 3405 non
602 3339 715 3419 desint,
736 3339 791 3422 qui
810 3339 870 3404 hoc
886 3339 1076 3421 Cyprianum
1095 3359 1224 3421 prorsus
1244 3360 1307 3406 non
1326 3340 1456 3406 sensisse

320 3445 520 3524 contendant,
553 3447 609 3511 sed
642 3445 700 3510 sub
735 3447 805 3510 eius
837 3445 962 3509 nomine
994 3464 1012 3509 a
1043 3446 1338 3528 praesumptoribus
1370 3449 1456 3528 atque

411 3693 443 3746 13
464 3691 542 3744 Pron.
561 3693 604 3752 24,
625 3690 658 3744 35
679 3693 733 3758 (12)
753 3707 805 3745 sec.
825 3691 957 3762 septuag.

356 3851 373 3903 3
396 3851 470 3920 prius
494 3866 545 3904 om.
565 3848 590 3900 L
697 3851 769 3918 tots]
795 3849 867 3918 qnod
892 3853 951 3904 tota
972 3850 1022 3904 GP
1109 3849 1126 3904 9
1145 3849 1243 3904 alienis
1267 3850 1385 3920 peccatis
1402 3847 1454 3902 edd.

322 3938 356 3993 10
374 3939 451 3998 hauc,
471 3941 537 3991 an.2
558 3937 610 3991 boc
629 3939 655 3991 P
746 3939 779 3991 12
801 3939 931 4009 impletur
950 3944 1012 4006 (om.
1033 3936 1140 4009 que)L
1232 3939 1266 3993 13
1284 3939 1371 4008 ipsum
1389 3937 1456 3990 Mi:

320 4027 355 4094 os.
370 4044 401 4096 p.
423 4029 490 4088 484,
510 4028 548 4079 19
617 4028 649 4081 is
668 4025 754 4096 paria]
773 4027 818 4079 uel
838 4027 916 4097 paris
932 4027 1041 4097 propria
1059 4025 1086 4078 P
1101 4025 1210 4096 propria
1227 4025 1255 4079 L
1323 4027 1356 4079 16
1374 4025 1454 4094 bspti-

321 4132 380 4170 aars
398 4115 424 4169 L
491 4115 522 4168 18
541 4121 608 4180 tum,
627 4119 693 4170 m.2
711 4119 819 4169 tantum
837 4116 865 4168 P
928 4116 961 4169 19
978 4115 1007 4168 iu
1027 4115 1166 4186 scripturis
1184 4114 1219 4167 Μ
1285 4115 1319 4169 20
1337 4113 1418 4168 babet
1437 4113 1457 4162 Γ

321 4205 352 4258 21
374 4205 402 4257 in
421 4203 542 4258 conciliis
558 4203 581 4258 0
598 4205 704 4259 concilii
724 4209 787 4270 (ons.
806 4205 845 4270 in)
859 4204 885 4258 L
933 4205 969 4258 24
986 4206 1130 4258 eorrexerit
1146 4220 1195 4256 rus
1221 4219 1255 4257 ec
1268 4201 1458 4257 correxerant!

321 4293 435 4347 conexit
453 4291 481 4346 R
535 4293 570 4347 25
589 4296 702 4362 patrono
722 4291 748 4345 L
820 4292 958 4346 noluerint
972 4292 998 4344 A
1047 4291 1082 4345 26
1101 4289 1240 4344 desuntO
1307 4289 1456 4344 bocumb‘

321 4381 354 4434 27
375 4379 575 4433 contendebant
594 4381 637 4444 (eb
657 4386 727 4448 exp.)
746 4380 774 4432 P
