3092 5217
305 539 372 602 214
661 535 687 589 S.
715 534 855 588 Aureli
883 533 1102 603 Augustini

306 731 455 796 continuo
487 730 616 795 reddere
649 729 739 814 potui
771 749 828 793 uec
857 729 917 794 tihi
945 733 1050 795 tamen
1081 730 1201 794 diutius
1225 729 1332 794 deberi
1354 729 1447 804 uolui,

306 838 390 921 quod
412 840 523 921 posset
546 839 578 901 et
600 856 651 900 me
675 836 810 901 habente
835 836 1002 900 redhiberi.
1035 836 1166 918 proinde
1196 837 1357 901 carissimo
1389 835 1447 900 filio

305 944 490 1026 presbytero
523 942 640 1024 Optato
669 941 825 1025 delegaui,
850 945 887 1005 ut
915 943 961 1006 eis
990 941 1088 1020 horis,
1113 961 1190 1025 quas
1220 942 1279 1006 libi
1308 947 1449 1024 opportu-
1524 1015 1525 1028 χ

306 1051 408 1114 niores
445 1049 575 1127 uideris,
612 1052 718 1112 tecum
755 1049 843 1132 legat
876 1067 921 1124 ea,
956 1067 1036 1130 quae
1069 1049 1232 1132 pollicitus
1267 1069 1348 1114 sum.
1382 1067 1447 1112 curn

288 1161 410 1221 totum
433 1156 500 1220 lieri
524 1175 618 1240 posse
641 1156 842 1238 persenserit,
867 1157 927 1220 hoc
956 1157 1051 1220 etiam
1081 1155 1244 1220 eximietas
1271 1159 1328 1221 tua
1360 1175 1449 1237 quam
1475 1178 1485 1216 s
1524 1161 1525 1244 ᾗ

306 1268 393 1346 grate
427 1264 593 1347 acceperit,
626 1267 693 1328 taur
725 1263 849 1346 inpigre
884 1266 979 1346 atque
1012 1264 1127 1328 acriter
1158 1263 1261 1327 faeere
1299 1263 1448 1327 suadebit.
1524 1287 1525 1350 3

306 1374 460 1451 quantum
493 1373 600 1434 autem
632 1372 664 1433 te
697 1369 829 1453 diligam
862 1370 1107 1452 salubribusque
1142 1369 1257 1434 studiis
1292 1369 1324 1433 iu
1351 1389 1449 1432 rerum
1524 1405 1525 1450 p

306 1478 486 1541 diuinarum
508 1482 603 1559 atque
626 1477 834 1540 humanarum
860 1477 1042 1560 cognitione
1067 1477 1218 1542 oblectari
1250 1480 1345 1559 atque
1373 1495 1449 1540 exer·

307 1586 369 1648 ceri
392 1584 502 1662 uelim,
527 1583 629 1662 eredo,
654 1583 739 1664 quod
764 1584 884 1664 optime
909 1584 1088 1668 intellegas.

263 1688 282 1748 2
351 1690 523 1756 Caritatem
552 1690 648 1755 oflicii
676 1690 739 1754 mei
769 1692 797 1756 si
824 1710 885 1755 non
916 1695 1103 1775 aspernaris,
1132 1711 1223 1774 spero
1248 1691 1279 1753 in
1304 1689 1372 1774 ipsa
1394 1689 1449 1752 fide
1466 1712 1485 1748 a
1524 1719 1525 1730 κ

307 1797 485 1862 Christiana
517 1801 549 1862 et
580 1796 612 1861 in
644 1797 787 1862 moribus
816 1799 879 1863 iam
908 1800 953 1862 ita
981 1799 1172 1863 constitutae
1200 1816 1354 1880 personae
1383 1798 1450 1859 tuae

307 1906 455 1988 congruis
488 1906 568 1969 tales
601 1909 633 1969 te
666 1909 838 1986 prouectus
870 1905 1067 1983 habiturum,
1094 1908 1138 1969 ut
1169 1904 1266 1969 huius
1297 1903 1376 1968 lumi
1403 1902 1450 1965 uel

307 2013 433 2095 uaporis
458 2013 651 2092 temporalis,
678 2031 758 2094 quac
782 2013 849 2078 uita
872 2013 1011 2078 humana
1035 2012 1161 2090 dicitur,
1185 2012 1337 2091 ultimum
1362 2011 1450 2079 diem,

307 2138 399 2200 quem
433 2119 514 2182 nulli
546 2120 730 2184 mortalium
768 2120 887 2184 euitare
928 2119 1120 2197 conceditur,
1158 2119 1211 2181 uel
1254 2117 1367 2181 auidus
1404 2115 1451 2178 uel
1524 2103 1525 2110 '

308 2245 439 2289 securus
472 2225 525 2288 uel
558 2229 643 2289 certe
676 2245 736 2290 uon
771 2225 935 2307 desperate
968 2226 1126 2290 sollicitus
1160 2244 1221 2289 uon
1254 2225 1287 2288 in
1315 2223 1449 2287 uanitate
1466 2241 1485 2280 n
1524 2241 1525 2298 3

308 2332 420 2397 erroris
450 2332 506 2396 sed
535 2332 566 2395 in
595 2332 756 2396 soliditate
785 2333 930 2397 ueritatis
960 2335 1116 2416 expectes.
1142 2352 1236 2414 quam
1260 2333 1382 2396 certum
1406 2333 1450 2392 est

308 2439 391 2502 euim
419 2439 477 2503 tibi
507 2441 615 2503 rainere
643 2442 685 2517 te,
715 2444 781 2504 tam
809 2440 852 2504 sit
881 2443 1001 2504 certum
1031 2440 1173 2503 doctriua
1203 2438 1335 2503 salutari
1360 2438 1449 2500 istam
1524 2427 1525 2464 l

307 2545 418 2620 uitam,
448 2563 527 2628 quae
555 2546 587 2609 in
616 2545 738 2609 deliciis
767 2547 994 2630 temporalibus
1024 2547 1138 2630 agitur,
1167 2545 1198 2608 in
1223 2545 1450 2626 comparatione
1524 2607 1525 2640 ,

308 2651 393 2716 uitae
432 2655 587 2731 aeternae,
622 2671 701 2733 quae
733 2653 825 2718 uobis
858 2673 914 2737 per
946 2653 1109 2719 Christum
1142 2656 1235 2733 atque
1268 2653 1300 2715 iu
1331 2649 1449 2714 Christo
1524 2657 1525 2734 r

307 2757 513 2841 promittitur,
539 2777 599 2822 non
628 2759 728 2823 uitam
758 2759 814 2822 sed
842 2763 975 2823 mortem
1010 2779 1092 2824 esse
1113 2757 1336 2841 deputandam.
1369 2755 1487 2819 nulloro

307 2865 401 2929 modo
440 2867 546 2929 autem
580 2865 793 2929 dubitauerim
830 2865 866 2928 de
900 2865 1004 2930 indole
1038 2870 1103 2942 tua,
1133 2864 1219 2948 quod
1242 2863 1305 2928 ista
1328 2880 1451 2927 consue·

308 2970 416 3034 tudine
444 2971 685 3034 Donatistarum
717 2971 868 3036 facillime
902 2974 933 3036 te
967 2973 1119 3049 extrahes,
1156 2971 1183 3036 si
1215 2969 1451 3054 religiosissime
1524 2969 1525 3046 1

306 3078 409 3160 ipsam
433 3077 645 3143 Christianam
668 3079 841 3158 puritatem
865 3097 926 3142 non
954 3079 1200 3162 paruipeuderis.
1229 3097 1324 3160 quam
1354 3077 1451 3139 incon·
1524 3087 1525 3138 ὲ

309 3184 411 3248 cussis
439 3184 522 3249 euim
547 3184 805 3249 documentorum
830 3183 1034 3248 firmamentis
1058 3203 1142 3248 error
1163 3185 1218 3249 illc
1242 3185 1451 3258 conuincatur,
1524 3191 1525 3260 ζ

308 3311 368 3354 non
397 3310 548 3375 magnum
577 3295 627 3355 est
660 3293 756 3355 etiam
784 3291 882 3355 tardis
915 3290 1053 3376 ingenio,
1087 3291 1115 3354 si
1148 3295 1271 3355 tantum
1305 3292 1452 3374 patienter
1466 3313 1487 3352 a
1524 3301 1525 3352 i

309 3400 402 3478 atque
420 3398 540 3463 intente
560 3399 729 3475 audierint,
749 3398 924 3480 peruidere.
950 3398 1004 3462 sed
1029 3397 1068 3461 ad
1092 3397 1273 3462 sectandam
1297 3397 1451 3462 insolitam
1524 3401 1525 3488 ᾗ

308 3502 531 3568 rectitudinem
564 3507 701 3571 usitatae
735 3506 827 3588 quasi
854 3505 1018 3570 familiaris
1047 3505 1265 3588 peruersitatis
1294 3505 1452 3568 uinculum

309 3609 494 3694 abrumpere
521 3613 678 3678 maiorum
706 3614 824 3677 uirium
855 3617 912 3678 est.
948 3616 979 3677 et
1006 3631 1203 3693 nequaquam
1229 3611 1452 3693 desperandum

310 3715 479 3783 adiuuante
507 3723 602 3802 atque
632 3722 815 3784 exhortaute
844 3719 913 3802 ipso
939 3718 1065 3782 domino
1090 3719 1148 3782 deo
1172 3721 1278 3782 nostro
1304 3717 1343 3782 de
1368 3735 1452 3801 gene·
1524 3757 1525 3806 ,

401 3943 434 3995 12
454 3943 507 3996 Iac.
527 3945 554 4010 4,
574 3943 607 3998 15

349 4083 362 4135 1
382 4100 432 4136 uec
450 4083 501 4136 tibi
519 4087 611 4138 tamen
628 4085 741 4154 serapai5
757 4099 801 4137 ma
820 4083 872 4136 tibi
891 4087 983 4137 tamen
1006 4082 1089 4136 TVU
1105 4083 1164 4137 edd.
1185 4099 1228 4136 me
1246 4087 1339 4137 tamen
1358 4083 1407 4136 tihi
1425 4081 1454 4134 Η
1524 4105 1525 4154 j

347 4170 439 4224 deberi
457 4173 536 4241 (corr.
557 4171 665 4238 debere)
686 4170 762 4224 uolui
782 4170 806 4223 V
823 4169 921 4224 debere
941 4170 1015 4223 nolui
1030 4171 1089 4224 edd.
1141 4172 1157 4223 2
1178 4172 1265 4240 possit
1287 4169 1314 4225 U
1361 4171 1393 4224 15
1408 4169 1450 4222 de·
1524 4185 1525 4234 j

311 4275 418 4327 sperare
436 4259 469 4312 Η
475 4259 527 4314 VU
580 4263 613 4314 16
633 4265 782 4329 exspectas,
802 4275 870 4312 corr.
890 4263 952 4312 m.1
971 4263 1110 4329 exspectes
1129 4259 1162 4312 Η
1226 4260 1259 4314 18
1279 4261 1371 4329 agitur
1387 4265 1450 4312 tem·

311 4347 447 4416 poralibus
465 4349 551 4417 είρηὶε
569 4365 638 4404 corr.
663 4349 687 4402 V
752 4348 787 4401 26
807 4347 962 4402 audiuerint
980 4348 1122 4418 prouidere
1146 4347 1202 4402 ΡΗ
1265 4350 1299 4402 27
1321 4349 1407 4418 quasi]
1427 4351 1452 4400 ct
1524 4397 1525 4418 ἶ

313 4435 391 4505 quasi
409 4436 469 4491 edd.
524 4437 558 4490 29
578 4437 736 4490 cohortante
760 4436 811 4490 VU
1524 4427 1525 4438 ¹
