3092 5217
295 508 360 571 598
648 505 675 559 S.
707 504 845 559 Aureli
873 503 1093 574 Augustini

1535 638 1536 681 l

295 700 478 764 uolentibus
515 699 730 782 praedicaret?
768 718 863 781 quem
895 715 955 762 nos
993 697 1067 761 inde
1099 717 1173 763 cum
1205 696 1297 782 gram
1330 697 1445 761 iniuria
1535 696 1536 775 1

295 805 485 889 proiecistis.
510 806 587 889 quid
615 806 702 870 alind
725 806 909 889 agebamus,
934 805 1059 888 quando
1083 824 1167 870 uuus
1190 810 1336 871 nostrum
1361 802 1447 869 Cala·
1535 792 1536 875 1

296 913 415 977 mensis
448 912 616 996 episcopus
648 911 816 978 Possidius
852 911 919 977 ibat
956 911 997 977 ad
1028 911 1162 976 fundum
1195 892 1446 995 Figulinensem.

296 1019 358 1083 uisi
387 1021 424 1083 nt
450 1020 551 1085 nostri
574 1018 722 1101 quamuis
749 1019 855 1101 pauci,
885 1018 939 1100 qui
962 1018 1030 1083 illic
1058 1022 1157 1094 erant,
1185 1018 1397 1082 uisitarentur
1419 1020 1448 1081 et
1535 1014 1536 1081 l

296 1125 405 1191 audito
437 1126 535 1190 uerbo
569 1125 620 1190 dei
652 1125 692 1190 ad
724 1124 882 1190 unitatem
905 1122 1037 1201 Christi,
1066 1124 1121 1207 qni
1155 1125 1284 1202 uellent,
1317 1140 1449 1189 11111111-
1476 1147 1487 1182 s
1535 1158 1536 1191 3

295 1235 457 1297 terentur?
495 1232 545 1296 oui
570 1232 747 1297 ambulanti
775 1232 874 1308 uiam,
890 1249 982 1295 suam
1008 1232 1168 1297 latronum
1192 1250 1278 1295 more
1305 1228 1448 1295 insidiati
1535 1272 1536 1299 1

297 1342 432 1415 suntet,
456 1338 531 1422 quis
547 1338 581 1403 in
600 1356 710 1403 eorum
732 1337 864 1405 insidias
885 1337 996 1403 cadere
1019 1356 1080 1402 non
1104 1337 1221 1419 potuit,
1246 1356 1318 1402 eum
1341 1340 1448 1419 aperta
1535 1374 1536 1385 ι

296 1444 449 1509 uiolentia
480 1445 512 1510 in
540 1445 637 1511 fundo
666 1444 845 1511 Oliuetensi
868 1462 968 1527 paene
1000 1444 1113 1509 uiuum
1143 1463 1216 1509 eum
1245 1444 1354 1519 domo,
1388 1461 1447 1524 quo
1535 1508 1536 1525 ,

295 1550 431 1635 fugerat,
468 1552 683 1628 incenderant,
720 1552 782 1617 nisi
819 1552 914 1616 tertio
947 1550 1132 1633 suppositas
1166 1552 1309 1615 flammas
1346 1550 1449 1615 coloni

296 1657 439 1723 eiusdem
471 1658 561 1724 fundi
592 1662 720 1743 propter
750 1658 928 1742 periculum
962 1676 1039 1722 suae
1072 1658 1187 1723 salutis
1216 1657 1447 1742 extinguerent.
1467 1682 1487 1718 a

297 1765 329 1824 et
355 1766 559 1828 tamencum
584 1762 749 1846 Crispinus
777 1772 906 1847 propter
932 1763 992 1828 hoc
1020 1762 1141 1829 factum
1168 1764 1200 1827 in
1228 1762 1449 1845 proconsulari

296 1866 413 1933 iudicio
451 1869 691 1935 conuineeretur
726 1869 916 1948 haereticus,
955 1870 1097 1935 eiusdem
1131 1869 1273 1952 episcopi
1307 1868 1449 1935 Possidii

295 1974 471 2040 intercessu
491 1975 601 2040 decem
618 1976 716 2041 libras
736 1975 805 2040 auri
824 1996 884 2042 non
905 1979 955 2041 est
973 1980 1113 2043 exactus.
1138 1976 1191 2042 oui
1212 1977 1449 2042 beniuolentiae

296 2085 329 2146 et
351 2082 590 2147 mansuetudini
615 2082 761 2167 ingratus
785 2082 824 2146 ad
847 2083 1052 2167 imperatores
1077 2083 1251 2149 catholicos
1275 2102 1379 2149 ausus
1402 2088 1449 2148 est

296 2188 464 2272 appellare.
497 2189 580 2254 unde
611 2189 691 2254 hanc
723 2190 755 2253 in
785 2208 843 2254 uos
872 2190 949 2255 iram
979 2191 1039 2269 dei,
1074 2190 1111 2255 de
1140 2210 1202 2273 qua
1229 2190 1448 2267 murmuratis,
1465 2212 1487 2251 15
1535 2162 1536 2245 1

296 2296 398 2360 multo
421 2296 635 2377 importunius
659 2301 692 2361 et
714 2296 936 2362 uehementius
960 2298 1158 2381 prouocauit.

251 2401 270 2460 5
340 2402 476 2480 Videtis,
504 2402 579 2484 quia
601 2422 661 2468 uos
686 2406 796 2467 contra
821 2422 931 2485 pacem
958 2402 1076 2469 Christi
1100 2404 1256 2469 uiolenter
1278 2404 1448 2489 insurgitis

296 2512 328 2573 et
354 2508 501 2592 patimini
525 2528 587 2573 non
614 2528 670 2592 pro
693 2509 764 2592 ipso
793 2509 849 2575 sed
876 2530 932 2592 pro
955 2508 1179 2592 iniquitatibus
1207 2510 1338 2575 uestris.
1369 2530 1447 2594 quae
1535 2508 1536 2575 1

296 2619 346 2680 111
381 2614 446 2679 ista
478 2615 649 2693 dementia,
687 2618 733 2691 nt,
771 2634 844 2680 cum
883 2616 965 2681 male
1002 2616 1126 2696 uiuitis,
1164 2617 1328 2681 latronum
1365 2616 1448 2681 facta

294 2721 418 2786 faciatis
443 2724 485 2798 et,
514 2740 587 2786 cum
614 2722 682 2786 iure
705 2722 873 2805 punimini,
902 2722 1035 2807 gloriam
1059 2727 1233 2807 martyrum
1257 2724 1447 2807 requiratis?
1464 2750 1486 2787 so
1535 2792 1536 2807 ἓ

295 2828 323 2891 11
355 2846 428 2913 ergo
467 2848 525 2893 uos
563 2830 688 2911 priuata
724 2834 833 2894 uestra
870 2829 1002 2895 audacia
1037 2832 1104 2895 tam
1140 2830 1300 2895 uiolenter
1331 2830 1447 2915 cogitis

295 2934 438 2999 homines
467 2938 523 3000 aut
551 2936 597 2999 ire
621 2936 653 3000 in
677 2956 811 3002 errorem
836 2941 892 3003 aut
916 2956 1095 3022 permanere
1122 2937 1156 3001 in
1185 2956 1299 3015 errore,
1328 2941 1446 3020 quanto
1535 2942 1536 3023 p

295 3041 397 3127 magis
426 3061 484 3107 nos
510 3043 662 3108 debemus
686 3062 741 3126 per
768 3043 1022 3109 ordinatissimas
1046 3045 1233 3123 potestates,
1262 3062 1343 3127 quas
1367 3044 1445 3108 deus
1535 3036 1536 3127 ξ

296 3147 470 3212 secundum
498 3167 590 3213 suam
616 3148 815 3232 prophetiam
845 3149 988 3214 subdidit
1015 3147 1153 3225 Christo,
1185 3150 1337 3215 resistere
1362 3150 1446 3214 furo-
1535 3156 1536 3241 1

294 3255 381 3319 ribus
402 3256 529 3331 uestris,
552 3259 591 3319 ut
611 3256 747 3320 miserae
767 3254 888 3319 animae
907 3255 945 3321 de
968 3257 1077 3321 uestra
1095 3254 1311 3321 dominatione
1335 3256 1446 3320 libera-
1462 3281 1485 3321 2⁵
1535 3250 1536 3337 1

294 3366 345 3425 tae
374 3366 524 3427 eruantur
550 3382 569 3426 a
596 3362 820 3428 uetustissima
852 3362 991 3427 falsitate
1019 3365 1052 3426 et
1079 3361 1271 3427 adsuescant
1297 3362 1330 3427 in
1358 3380 1445 3445 sper·
1535 3350 1536 3435 ἒ

294 3468 419 3533 tissima
443 3470 594 3534 ueritate!
619 3489 690 3533 nam
709 3487 792 3551 quos
812 3488 830 3533 e
847 3468 940 3533 nobis
959 3468 1102 3533 nolentes
1121 3468 1228 3533 dicitis
1248 3471 1333 3554 cogi,
1350 3469 1445 3533 multi

294 3574 390 3640 etiam
414 3576 486 3661 cogi
510 3596 544 3641 se
568 3578 694 3655 nolunt,
718 3576 804 3659 quod
827 3576 918 3641 nobis
943 3579 1033 3641 antea
1057 3579 1090 3641 et
1112 3578 1223 3660 postea
1242 3576 1443 3652 confitentur,

293 3689 330 3749 ut
352 3684 405 3747 uel
429 3684 475 3749 sic
500 3684 636 3749 erradant
659 3684 881 3768 oppressiones
906 3686 1040 3750 uestras.

327 3962 502 4032 eproicisti·
521 3960 612 4032 urs,
673 3960 798 4015 411111
887 3959 1000 4016 acerbi
1018 3960 1045 4013 a
1131 3964 1254 4017 emere
1273 3962 1300 4033 (t
1318 3963 1398 4027 aas.)
1417 3960 1444 4015 P

291 4050 455 4106 81iuetensi
473 4050 501 4103 P
517 4048 577 4104 edd.
648 4050 680 4104 ll
700 4048 897 4118 proconsularii
915 4047 946 4102 F
960 4050 1038 4118 (m.2
1056 4049 1108 4103 del.
1128 4050 1177 4103 alt.
1197 4049 1217 4116 i)
1237 4050 1266 4103 A
1332 4051 1362 4106 12
1381 4051 1440 4119 epi·

291 4140 378 4209 scopi·
398 4140 464 4207 (suit
482 4139 506 4209 1)
524 4140 551 4191 A
643 4138 676 4193 13
694 4138 719 4191 X
736 4138 775 4192 M
845 4138 920 4193 onius
938 4138 976 4193 Μ
1065 4139 1098 4193 15
1117 4138 1271 4208 appellares
1285 4139 1352 4206 (fuit
1367 4146 1393 4205 1)
1413 4140 1438 4192 A

290 4228 423 4298 inpellere
441 4227 479 4281 M
568 4229 600 4282 19
618 4227 675 4282 ista
691 4243 744 4283 om.
763 4227 791 4281 A
881 4228 916 4282 23
935 4228 1015 4297 quas]
1033 4234 1087 4297 qne
1104 4226 1142 4280 M
1224 4228 1306 4296 261]
1327 4226 1357 4280 dc
1377 4227 1437 4281 edd.

325 4317 474 4371 uetussima
490 4317 519 4370 A
554 4318 588 4372 27
608 4317 685 4387 qnos]
705 4316 779 4386 quod
793 4332 820 4371 m
875 4316 1033 4371 anolentes
1053 4314 1225 4382 (1111111111)
1246 4320 1273 4369 A
1310 4315 1342 4369 28
1361 4316 1436 4385 cogis
1535 4318 1536 4343 ³

290 4422 319 4459 11
337 4404 374 4458 Μ
391 4421 420 4459 11
439 4405 501 4475 cogi
519 4405 580 4461 edd.
636 4404 893 4475 2911111111111
1535 4400 1536 4405 ’
