3092 5217
509 507 773 585 epistularum
803 508 895 562 XLIV.
1214 513 1276 577 113

129 701 188 764 hac
215 719 251 764 re
278 699 459 763 nostrorum
486 697 603 762 litteris
626 699 751 763 nollent
772 699 907 774 credere,
932 719 989 766 nec
1013 721 1070 767 nos
1094 704 1164 788 cogi
1189 723 1278 787 opor·
1344 732 1348 738 ·

129 811 208 879 tere,
231 810 270 870 ut
291 805 409 870 litteris
432 805 600 869 credamus
622 805 774 888 ipsorum.

5 905 76 972 [115
175 913 239 980 Sed
269 915 377 978 tamen
408 915 609 994 sequestrata
639 912 703 977 ista
736 912 831 978 dubia
863 915 1046 997 quaestione
1079 919 1278 1000 quaerebam,

130 1041 193 1103 quo
221 1020 316 1084 modo
345 1038 379 1084 se
406 1018 462 1083 isti
490 1019 576 1084 iuste
604 1023 806 1102 separassent
833 1020 871 1086 ab
899 1023 1080 1088 innocentia
1103 1029 1276 1092 ceteromm

98 1128 395 1202 ⁵Cbristianorum
423 1125 477 1208 qui
505 1145 562 1208 per
589 1127 697 1191 orbem
724 1130 877 1193 terrarum
902 1131 1114 1196 successionis
1138 1133 1277 1198 ordinem

130 1234 348 1300 custodientes
370 1234 404 1296 in
428 1233 662 1315 antiquissimis
686 1235 831 1299 ecclesiis
855 1236 1022 1302 constituti
1045 1238 1172 1320 penitus
1190 1241 1280 1323 igno-

128 1344 247 1411 rarent,
270 1341 326 1422 qui
348 1339 468 1404 fuerint
489 1339 521 1402 in
545 1339 653 1404 Africa
675 1340 856 1418 traditores,
881 1343 936 1426 qui
960 1346 1042 1413 certe
1065 1365 1126 1410 non
1148 1352 1281 1427 possent

129 1449 364 1514 communicare
396 1447 458 1510 nisi
491 1447 549 1524 eis,
582 1466 663 1529 quos
692 1448 800 1512 sedere
827 1448 858 1512 in
887 1449 1017 1515 sedibus
1045 1451 1280 1535 episcopalibus

128 1554 312 1620 audiebant
340 1554 503 1637 respondit
529 1556 596 1617 tam
624 1554 679 1618 diu
706 1555 984 1620 benemarinarum
1013 1557 1150 1640 partium
1173 1561 1280 1624 veccle-

83 1683 110 1720 ro
128 1662 196 1727 sias
224 1660 381 1725 mansisse
407 1661 603 1738 innocentes,
632 1659 732 1725 donec
759 1661 996 1728 consensissent
1022 1664 1054 1727 iu
1078 1683 1187 1729 eorum
1212 1685 1279 1730 san-

127 1769 273 1852 guinem,
305 1787 387 1849 qnos
418 1767 631 1832 Macarianam
664 1767 918 1849 persecutionem
947 1769 1117 1851 pertulisse
1146 1772 1280 1838 dicebat.

127 1876 187 1939 ubi
212 1895 271 1960 ego
293 1894 422 1958 possem
446 1874 572 1958 quidem
598 1875 702 1939 dicere
720 1894 778 1939 nec
798 1875 918 1939 inuidia
937 1876 1109 1941 Macerioni
1128 1880 1281 1962 temporis

127 1981 344 2047 innocentiam
369 1981 650 2046 transmarinarum
673 1981 880 2046 ecclesiarum
904 1983 1109 2048 contaminari
1126 1985 1281 2066 potuisse,

128 2087 258 2170 quando
283 2087 523 2170 quidemnullo
548 2087 643 2152 modo
667 2088 854 2170 probaretur
880 2087 945 2151 illis
975 2089 1158 2154 auctoribus
1187 2091 1280 2155 etiam

82 2219 110 2257 re
128 2195 258 2272 fecisse,
287 2213 368 2276 quse
399 2194 529 2268 feceram
564 2193 619 2258 sed
647 2194 698 2257 de
714 2194 900 2278 compendio
934 2213 1083 2276 quaerere
1116 2197 1225 2274 malui,
1255 2199 1281 2261 si

128 2301 263 2365 Macarii
287 2301 434 2374 saeuitia,
458 2319 496 2364 er
520 2318 581 2382 quo
605 2300 637 2364 in
662 2318 732 2364 eam
756 2300 957 2366 consensisse
981 2300 1167 2366 dicebantur
1185 2305 1283 2368 trans-

128 2408 272 2470 marinae
313 2405 478 2484 ecclesiae,
520 2425 612 2471 suam
657 2406 871 2472 innocentiam
916 2405 1130 2488 perdidemnt
1175 2413 1283 2473 utrum

129 2514 248 2578 saitem
284 2513 473 2595 probaretur
509 2532 612 2596 usque
650 2513 691 2577 ad
727 2514 784 2578 illa
816 2517 960 2596 tempora
990 2514 1176 2580 Donatistae
1210 2535 1282 2580 oum

131 2619 342 2685 orientalibus
383 2620 528 2685 ecclesiis
570 2620 749 2703 ceterisque
792 2619 876 2684 orbis
918 2621 1058 2702 partium
1093 2621 1125 2685 in
1163 2622 1284 2686 unitate

91 2753 118 2790 re
131 2746 301 2792 mansisse.

48 2831 67 2891 6
176 2834 267 2898 Tunc
298 2835 435 2916 protulit
467 2832 626 2915 quoddam
662 2833 825 2911 uolumen,
863 2833 918 2897 ubi
955 2832 1083 2898 uolebat
1120 2835 1284 2898 ostendere

134 2940 322 3005 Serdicense
350 2941 520 3005 concilium
547 2938 587 3004 ad
615 2941 783 3024 episcopos
810 2939 916 3016 Afros,
945 2939 1000 3022 qui
1028 2942 1117 3005 erant
1147 2959 1285 3005 commu·

136 3039 239 3111 sionis
261 3046 390 3124 Donati,
415 3045 540 3112 dedisse
562 3047 697 3111 litteras.
717 3046 803 3129 quod
823 3065 894 3110 oum
914 3046 1082 3131 legeretur,
1103 3047 1285 3111 audiuimus

139 3153 252 3217 Donati
278 3172 393 3217 nornen
417 3153 500 3217 inter·
522 3155 645 3217 ceteros
669 3155 848 3235 episcopos,
874 3151 989 3234 quibus
1012 3153 1062 3217 illi
1085 3153 1286 3234 scripserant.

96 3283 123 3323 ss
140 3259 244 3340 itaque
279 3259 424 3343 flagitare
462 3259 636 3341 coepimus,
672 3262 711 3323 ut
746 3260 922 3336 doceretur,
960 3261 1068 3323 utrum
1099 3259 1168 3342 ipse
1202 3264 1289 3324 esset

144 3365 292 3444 Donatus,
321 3366 360 3430 de
388 3365 481 3429 cuius
504 3367 594 3448 parte
616 3365 672 3430 isti
696 3365 972 3449 cognominantur3
997 3364 1066 3430 fieri
1090 3365 1173 3429 eninr
1196 3368 1288 3448 potu·

144 3470 214 3550 isse,
240 3477 277 3535 ut
304 3471 401 3536 alicui
429 3471 552 3535 Donato
581 3471 712 3536 alterius
741 3472 881 3536 haeresis
910 3471 1059 3554 episcopo
1093 3470 1286 3554 scripserint,

148 3595 215 3641 cum
248 3579 385 3643 maxime
419 3579 451 3641 in
488 3579 554 3642 illis
592 3578 773 3643 nominibus
806 3595 863 3642 nec
895 3579 1019 3642 Africae
1052 3578 1171 3642 mentio
1205 3577 1289 3641 iacta

151 3683 251 3760 fuerit;
275 3705 336 3767 quo
360 3685 454 3750 modo
479 3704 553 3769 ergo
576 3688 687 3769 posset
708 3685 841 3767 probare
864 3686 1025 3750 Donatum
1049 3684 1147 3766 partis
1171 3683 1288 3748 Donati

188 3965 360 4034 inportetIt
410 3964 694 4035 3seq;straiistaM
744 3966 879 4034 dquomo
899 3965 980 4034 (sici)
1000 3963 1037 4016 M
1089 3964 1246 4030 separarent
1260 3960 1288 4013 R

158 4051 243 4122 taisi]
260 4060 277 4107 r‘r
293 4054 322 4109 R
377 4055 409 4108 11
429 4054 603 4108 machariana
621 4054 809 4123 persecutione
827 4054 855 4106 P
906 4054 938 4106 12
957 4054 1020 4122 ego]
1042 4068 1105 4120 ergo
1124 4049 1152 4104 A
1202 4049 1234 4102 14
1249 4047 1288 4100 f-

160 4140 217 4194 cisse
233 4144 310 4196 etiarn
329 4143 390 4196 edd.
464 4144 498 4197 16
517 4159 548 4196 ex
567 4159 621 4212 quo
640 4159 692 4199 om.
710 4142 738 4197 R
822 4142 1002 4196 transmarina
1020 4141 1050 4195 F
1120 4137 1292 4193 resanius

166 4228 317 4297 lipsrtibus
330 4232 429 4299 firm
500 4231 607 4284 unitate
622 4231 652 4284 F
702 4231 737 4283 ab
755 4231 904 4284 mansisses
919 4233 943 4294 (t
962 4231 1043 4295 cros.)
1063 4229 1091 4282 P
1143 4229 1178 4282 22
1198 4225 1290 4280 Sardi-

169 4329 230 4370 ceuse
246 4319 301 4372 edd.
354 4318 564 4381 communiones,
583 4323 644 4372 m.1
662 4335 731 4373 corr.
751 4318 946 4372 communionis
961 4318 991 4372 F
1025 4318 1059 4371 25
1080 4317 1214 4370 diceretur
1228 4313 1291 4366 Rm

171 4403 197 4455 29
210 4405 300 4460 fuerint
317 4413 343 4473 (n
363 4407 415 4461 del.
434 4412 504 4474 m.1)
524 4407 562 4460 Μ

193 4527 289 4579 miili,
298 4534 353 4583 Aug.
362 4537 417 4573 sset.
432 4533 456 4572 11
470 4543 523 4582 pars
533 4535 555 4574 a.
1239 4507 1254 4560 8
