<?xml version="1.0" encoding="UTF-8"?>
<!DOCTYPE html PUBLIC "-//W3C//DTD XHTML 1.0 Transitional//EN"
    "http://www.w3.org/TR/xhtml1/DTD/xhtml1-transitional.dtd">
<html xmlns="http://www.w3.org/1999/xhtml" xml:lang="en" lang="en">
 <head>
  <title>
</title>
<meta http-equiv="Content-Type" content="text/html;charset=utf-8" />
  <meta name='ocr-system' content='tesseract 3.04.00' />
  <meta name='ocr-capabilities' content='ocr_page ocr_carea ocr_par ocr_line ocrx_word'/>
</head>
<body>
  <div class='ocr_page' id='page_1' title='image "./corpusscriptoru06wissgoog_0708.png"; bbox 0 0 3092 5217; ppageno 0'>
   <div class='ocr_carea' id='block_1_1' title="bbox 295 515 1094 585">
    <p class='ocr_par' dir='ltr' id='par_1_1' title="bbox 295 515 1094 585">
     <span class='ocr_line' id='line_1_1' title="bbox 295 515 1094 585; baseline -0.01 -9"><span class='ocrx_word' id='word_1_1' title='bbox 295 519 360 583; x_wconf 82' lang='grc'>686</span> <span class='ocrx_word' id='word_1_2' title='bbox 659 516 686 570; x_wconf 87' lang='lat' dir='ltr'>S.</span> <span class='ocrx_word' id='word_1_3' title='bbox 713 515 851 569; x_wconf 82' lang='lat' dir='ltr'><strong>Aureli</strong></span> <span class='ocrx_word' id='word_1_4' title='bbox 878 515 1094 585; x_wconf 81' lang='lat' dir='ltr'>Augustini</span> 
     </span>
    </p>
   </div>
   <div class='ocr_carea' id='block_1_2' title="bbox 162 691 1521 3353">
    <p class='ocr_par' dir='ltr' id='par_1_2' title="bbox 295 691 1521 796">
     <span class='ocr_line' id='line_1_2' title="bbox 295 691 1521 796; baseline 0.002 -22"><span class='ocrx_word' id='word_1_5' title='bbox 295 715 471 796; x_wconf 89' lang='lat' dir='ltr'>terrogares</span> <span class='ocrx_word' id='word_1_6' title='bbox 499 714 531 775; x_wconf 92' lang='lat' dir='ltr'>et</span> <span class='ocrx_word' id='word_1_7' title='bbox 559 713 705 794; x_wconf 86' lang='lat' dir='ltr'>quotiens</span> <span class='ocrx_word' id='word_1_8' title='bbox 733 711 943 795; x_wconf 77' lang='lat' dir='ltr'>interrogares</span> <span class='ocrx_word' id='word_1_9' title='bbox 972 710 1010 774; x_wconf 91' lang='lat' dir='ltr'>de</span> <span class='ocrx_word' id='word_1_10' title='bbox 1038 711 1215 794; x_wconf 81' lang='lat' dir='ltr'>praeceptis</span> <span class='ocrx_word' id='word_1_11' title='bbox 1245 711 1429 777; x_wconf 73' lang='lat' dir='ltr'>Christianae</span> <span class='ocrx_word' id='word_1_12' title='bbox 1520 691 1521 762; x_wconf 47' lang='grc' dir='ltr'><em>ἕ</em></span> 
     </span>
    </p>

    <p class='ocr_par' dir='ltr' id='par_1_3' title="bbox 295 816 1521 916">
     <span class='ocr_line' id='line_1_3' title="bbox 295 816 1521 916; baseline 0.001 -34"><span class='ocrx_word' id='word_1_13' title='bbox 295 818 469 902; x_wconf 86' lang='lat' dir='ltr'>religionis,</span> <span class='ocrx_word' id='word_1_14' title='bbox 497 817 578 882; x_wconf 91' lang='lat' dir='ltr'>nihil</span> <span class='ocrx_word' id='word_1_15' title='bbox 600 837 652 883; x_wconf 85' lang='lat' dir='ltr'>me</span> <span class='ocrx_word' id='word_1_16' title='bbox 676 816 761 882; x_wconf 89' lang='lat' dir='ltr'>aliud</span> <span class='ocrx_word' id='word_1_17' title='bbox 785 817 973 899; x_wconf 90' lang='lat' dir='ltr'>respondere</span> <span class='ocrx_word' id='word_1_18' title='bbox 997 817 1059 882; x_wconf 89' lang='lat' dir='ltr'>nisi</span> <span class='ocrx_word' id='word_1_19' title='bbox 1081 817 1296 882; x_wconf 81' lang='lat' dir='ltr'>humilitatem</span> <span class='ocrx_word' id='word_1_20' title='bbox 1319 817 1430 897; x_wconf 90' lang='lat' dir='ltr'>liberet,</span> <span class='ocrx_word' id='word_1_21' title='bbox 1520 887 1521 916; x_wconf 85' lang='lat'>,</span> 
     </span>
    </p>

    <p class='ocr_par' dir='ltr' id='par_1_4' title="bbox 162 924 1521 3353">
     <span class='ocr_line' id='line_1_4' title="bbox 297 924 1521 1020; baseline 0 -32"><span class='ocrx_word' id='word_1_22' title='bbox 297 924 358 988; x_wconf 88' lang='lat' dir='ltr'>etsi</span> <span class='ocrx_word' id='word_1_23' title='bbox 380 925 461 989; x_wconf 86' lang='lat' dir='ltr'>forte</span> <span class='ocrx_word' id='word_1_24' title='bbox 486 925 548 989; x_wconf 87' lang='lat' dir='ltr'>alia</span> <span class='ocrx_word' id='word_1_25' title='bbox 572 925 675 989; x_wconf 87' lang='lat' dir='ltr'>dicere</span> <span class='ocrx_word' id='word_1_26' title='bbox 698 925 874 989; x_wconf 81' lang='lat' dir='ltr'>necessitas</span> <span class='ocrx_word' id='word_1_27' title='bbox 899 928 1036 1008; x_wconf 87' lang='lat' dir='ltr'>cogeret.</span> <span class='ocrx_word' id='word_1_28' title='bbox 1520 935 1521 1020; x_wconf 65' lang='lat' dir='ltr'>q</span> 
     </span>
     <span class='ocr_line' id='line_1_5' title="bbox 162 1021 1521 1116; baseline 0.001 -21"><span class='ocrx_word' id='word_1_29' title='bbox 162 1023 208 1088; x_wconf 85' lang='lat' dir='ltr'>IV</span> <span class='ocrx_word' id='word_1_30' title='bbox 229 1023 272 1086; x_wconf 85' lang='lat'>23</span> <span class='ocrx_word' id='word_1_31' title='bbox 340 1031 424 1096; x_wconf 82' lang='lat' dir='ltr'>Huic</span> <span class='ocrx_word' id='word_1_32' title='bbox 453 1030 628 1095; x_wconf 88' lang='lat' dir='ltr'>humilitati</span> <span class='ocrx_word' id='word_1_33' title='bbox 657 1031 892 1109; x_wconf 88' lang='lat' dir='ltr'>saluberrimae,</span> <span class='ocrx_word' id='word_1_34' title='bbox 922 1031 1189 1113; x_wconf 84' lang='lat' dir='ltr'>quemdominus</span> <span class='ocrx_word' id='word_1_35' title='bbox 1217 1033 1325 1095; x_wconf 89' lang='lat' dir='ltr'>noster</span> <span class='ocrx_word' id='word_1_36' title='bbox 1350 1031 1430 1096; x_wconf 89' lang='lat' dir='ltr'>Iesus</span> <span class='ocrx_word' id='word_1_37' title='bbox 1520 1021 1521 1116; x_wconf 54' lang='lat' dir='ltr'>l</span> 
     </span>
     <span class='ocr_line' id='line_1_6' title="bbox 296 1123 1521 1220; baseline -0.005 -17"><span class='ocrx_word' id='word_1_38' title='bbox 296 1136 442 1203; x_wconf 81' lang='lat' dir='ltr'>Christus</span> <span class='ocrx_word' id='word_1_39' title='bbox 473 1142 511 1203; x_wconf 90' lang='lat' dir='ltr'>ut</span> <span class='ocrx_word' id='word_1_40' title='bbox 543 1138 670 1203; x_wconf 87' lang='lat' dir='ltr'>doceret</span> <span class='ocrx_word' id='word_1_41' title='bbox 701 1137 893 1203; x_wconf 86' lang='lat' dir='ltr'>humiliatus</span> <span class='ocrx_word' id='word_1_42' title='bbox 927 1141 986 1217; x_wconf 90' lang='lat' dir='ltr'>est,</span> <span class='ocrx_word' id='word_1_43' title='bbox 1018 1137 1104 1214; x_wconf 90' lang='lat' dir='ltr'>huic,</span> <span class='ocrx_word' id='word_1_44' title='bbox 1135 1137 1275 1220; x_wconf 89' lang='lat' dir='ltr'>inquam,</span> <span class='ocrx_word' id='word_1_45' title='bbox 1308 1139 1465 1202; x_wconf 74' lang='lat' dir='ltr'>marines</span> <span class='ocrx_word' id='word_1_46' title='bbox 1520 1123 1521 1206; x_wconf 72' lang='lat' dir='ltr'>l</span> 
     </span>
     <span class='ocr_line' id='line_1_7' title="bbox 295 1239 1521 1327; baseline 0 -19"><span class='ocrx_word' id='word_1_47' title='bbox 295 1243 481 1308; x_wconf 87' lang='lat' dir='ltr'>aduersatur</span> <span class='ocrx_word' id='word_1_48' title='bbox 500 1244 664 1326; x_wconf 87' lang='lat' dir='ltr'>quaedam,</span> <span class='ocrx_word' id='word_1_49' title='bbox 687 1248 726 1309; x_wconf 89' lang='lat' dir='ltr'>ut</span> <span class='ocrx_word' id='word_1_50' title='bbox 747 1245 793 1309; x_wconf 89' lang='lat' dir='ltr'>ita</span> <span class='ocrx_word' id='word_1_51' title='bbox 813 1243 926 1322; x_wconf 87' lang='lat' dir='ltr'>dicam,</span> <span class='ocrx_word' id='word_1_52' title='bbox 949 1243 1177 1327; x_wconf 87' lang='lat' dir='ltr'>inperitissima</span> <span class='ocrx_word' id='word_1_53' title='bbox 1199 1244 1341 1322; x_wconf 87' lang='lat' dir='ltr'>scientia,</span> <span class='ocrx_word' id='word_1_54' title='bbox 1365 1243 1430 1308; x_wconf 90' lang='lat' dir='ltr'>dum</span> <span class='ocrx_word' id='word_1_55' title='bbox 1520 1239 1521 1258; x_wconf 32' lang='lat' dir='ltr'>l</span> 
     </span>
     <span class='ocr_line' id='line_1_8' title="bbox 293 1349 1521 1442; baseline 0 -28"><span class='ocrx_word' id='word_1_56' title='bbox 293 1370 352 1416; x_wconf 86' lang='lat' dir='ltr'>nos</span> <span class='ocrx_word' id='word_1_57' title='bbox 376 1351 456 1415; x_wconf 85' lang='lat' dir='ltr'>scire</span> <span class='ocrx_word' id='word_1_58' title='bbox 481 1350 666 1434; x_wconf 88' lang='lat' dir='ltr'>gaudemus,</span> <span class='ocrx_word' id='word_1_59' title='bbox 692 1349 768 1433; x_wconf 91' lang='lat' dir='ltr'>quid</span> <span class='ocrx_word' id='word_1_60' title='bbox 791 1349 1008 1429; x_wconf 81' lang='lat' dir='ltr'>Anaximenes,</span> <span class='ocrx_word' id='word_1_61' title='bbox 1033 1349 1111 1433; x_wconf 92' lang='lat' dir='ltr'>quid</span> <span class='ocrx_word' id='word_1_62' title='bbox 1133 1351 1341 1434; x_wconf 83' lang='lat' dir='ltr'>Anaxagoras,</span> <span class='ocrx_word' id='word_1_63' title='bbox 1364 1351 1431 1432; x_wconf 91' lang='lat' dir='ltr'>quid</span> <span class='ocrx_word' id='word_1_64' title='bbox 1520 1411 1521 1442; x_wconf 27' lang='grc' dir='ltr'>ἒ</span> 
     </span>
     <span class='ocr_line' id='line_1_9' title="bbox 293 1457 1430 1541; baseline 0 -20"><span class='ocrx_word' id='word_1_65' title='bbox 293 1457 502 1541; x_wconf 79' lang='lat' dir='ltr'>Pythagorae,</span> <span class='ocrx_word' id='word_1_66' title='bbox 532 1457 609 1539; x_wconf 94' lang='lat' dir='ltr'>quid</span> <span class='ocrx_word' id='word_1_67' title='bbox 631 1457 835 1522; x_wconf 90' lang='lat' dir='ltr'>Democritus</span> <span class='ocrx_word' id='word_1_68' title='bbox 864 1458 1008 1535; x_wconf 85' lang='lat' dir='ltr'>senserit,</span> <span class='ocrx_word' id='word_1_69' title='bbox 1037 1461 1069 1522; x_wconf 86' lang='lat' dir='ltr'>et</span> <span class='ocrx_word' id='word_1_70' title='bbox 1093 1461 1199 1522; x_wconf 89' lang='lat' dir='ltr'>cetera</span> <span class='ocrx_word' id='word_1_71' title='bbox 1225 1457 1322 1521; x_wconf 91' lang='lat' dir='ltr'>huius</span> <span class='ocrx_word' id='word_1_72' title='bbox 1344 1457 1430 1534; x_wconf 83' lang='lat' dir='ltr'>modi,</span> 
     </span>
     <span class='ocr_line' id='line_1_10' title="bbox 294 1563 1431 1646; baseline 0.001 -19"><span class='ocrx_word' id='word_1_73' title='bbox 294 1568 332 1628; x_wconf 87' lang='lat' dir='ltr'>ut</span> <span class='ocrx_word' id='word_1_74' title='bbox 359 1563 444 1629; x_wconf 91' lang='lat' dir='ltr'>docti</span> <span class='ocrx_word' id='word_1_75' title='bbox 472 1563 651 1646; x_wconf 89' lang='lat' dir='ltr'>eruditique</span> <span class='ocrx_word' id='word_1_76' title='bbox 683 1563 860 1640; x_wconf 90' lang='lat' dir='ltr'>uideamur,</span> <span class='ocrx_word' id='word_1_77' title='bbox 889 1582 960 1628; x_wconf 90' lang='lat' dir='ltr'>cum</span> <span class='ocrx_word' id='word_1_78' title='bbox 994 1565 1054 1628; x_wconf 92' lang='lat' dir='ltr'>hoc</span> <span class='ocrx_word' id='word_1_79' title='bbox 1088 1585 1105 1628; x_wconf 89' lang='lat' dir='ltr'>a</span> <span class='ocrx_word' id='word_1_80' title='bbox 1138 1583 1213 1629; x_wconf 85' lang='lat' dir='ltr'>uera</span> <span class='ocrx_word' id='word_1_81' title='bbox 1241 1563 1379 1629; x_wconf 86' lang='lat' dir='ltr'>doctrina</span> <span class='ocrx_word' id='word_1_82' title='bbox 1404 1569 1431 1628; x_wconf 89' lang='lat' dir='ltr'>et</span> 
     </span>
     <span class='ocr_line' id='line_1_11' title="bbox 295 1669 1464 1753; baseline -0.001 -19"><span class='ocrx_word' id='word_1_83' title='bbox 295 1670 472 1736; x_wconf 88' lang='lat' dir='ltr'>eruditione</span> <span class='ocrx_word' id='word_1_84' title='bbox 498 1669 592 1753; x_wconf 87' lang='lat' dir='ltr'>longe</span> <span class='ocrx_word' id='word_1_85' title='bbox 621 1669 715 1735; x_wconf 87' lang='lat' dir='ltr'>absit.</span> <span class='ocrx_word' id='word_1_86' title='bbox 744 1671 799 1752; x_wconf 92' lang='lat' dir='ltr'>qui</span> <span class='ocrx_word' id='word_1_87' title='bbox 823 1670 907 1734; x_wconf 90' lang='lat' dir='ltr'>enim</span> <span class='ocrx_word' id='word_1_88' title='bbox 932 1669 1079 1735; x_wconf 86' lang='lat' dir='ltr'>didicerit</span> <span class='ocrx_word' id='word_1_89' title='bbox 1103 1670 1196 1735; x_wconf 90' lang='lat' dir='ltr'>deum</span> <span class='ocrx_word' id='word_1_90' title='bbox 1220 1690 1282 1736; x_wconf 92' lang='lat' dir='ltr'>non</span> <span class='ocrx_word' id='word_1_91' title='bbox 1306 1670 1430 1736; x_wconf 88' lang='lat' dir='ltr'>distendi</span> <span class='ocrx_word' id='word_1_92' title='bbox 1446 1690 1464 1726; x_wconf 87' lang='lat' dir='ltr'>u</span> 
     </span>
     <span class='ocr_line' id='line_1_12' title="bbox 295 1775 1429 1860; baseline 0 -20"><span class='ocrx_word' id='word_1_93' title='bbox 295 1779 351 1841; x_wconf 90' lang='lat' dir='ltr'>aut</span> <span class='ocrx_word' id='word_1_94' title='bbox 374 1775 506 1841; x_wconf 83' lang='lat' dir='ltr'>diffundi</span> <span class='ocrx_word' id='word_1_95' title='bbox 534 1796 590 1858; x_wconf 89' lang='lat' dir='ltr'>per</span> <span class='ocrx_word' id='word_1_96' title='bbox 616 1777 705 1842; x_wconf 90' lang='lat' dir='ltr'>locos</span> <span class='ocrx_word' id='word_1_97' title='bbox 733 1795 835 1860; x_wconf 83' lang='lat' dir='ltr'>neque</span> <span class='ocrx_word' id='word_1_98' title='bbox 858 1777 966 1842; x_wconf 90' lang='lat' dir='ltr'>finitos</span> <span class='ocrx_word' id='word_1_99' title='bbox 990 1795 1092 1858; x_wconf 88' lang='lat' dir='ltr'>neque</span> <span class='ocrx_word' id='word_1_100' title='bbox 1119 1777 1270 1855; x_wconf 87' lang='lat' dir='ltr'>infinitos,</span> <span class='ocrx_word' id='word_1_101' title='bbox 1296 1777 1383 1860; x_wconf 88' lang='lat' dir='ltr'>quasi</span> <span class='ocrx_word' id='word_1_102' title='bbox 1402 1777 1429 1840; x_wconf 91' lang='lat' dir='ltr'>in</span> 
     </span>
     <span class='ocr_line' id='line_1_13' title="bbox 294 1882 1521 1967; baseline 0.001 -20"><span class='ocrx_word' id='word_1_103' title='bbox 294 1884 402 1966; x_wconf 90' lang='lat' dir='ltr'>aliqua</span> <span class='ocrx_word' id='word_1_104' title='bbox 433 1887 521 1966; x_wconf 86' lang='lat' dir='ltr'>parte</span> <span class='ocrx_word' id='word_1_105' title='bbox 553 1882 655 1946; x_wconf 88' lang='lat' dir='ltr'>maior</span> <span class='ocrx_word' id='word_1_106' title='bbox 685 1883 729 1947; x_wconf 89' lang='lat' dir='ltr'>sit</span> <span class='ocrx_word' id='word_1_107' title='bbox 760 1883 792 1946; x_wconf 88' lang='lat' dir='ltr'>in</span> <span class='ocrx_word' id='word_1_108' title='bbox 821 1883 927 1967; x_wconf 88' lang='lat' dir='ltr'>aliqua</span> <span class='ocrx_word' id='word_1_109' title='bbox 957 1883 1070 1963; x_wconf 92' lang='lat' dir='ltr'>minor,</span> <span class='ocrx_word' id='word_1_110' title='bbox 1104 1883 1160 1948; x_wconf 88' lang='lat' dir='ltr'>sed</span> <span class='ocrx_word' id='word_1_111' title='bbox 1187 1887 1293 1949; x_wconf 85' lang='lat' dir='ltr'>totum</span> <span class='ocrx_word' id='word_1_112' title='bbox 1325 1884 1429 1966; x_wconf 85' lang='lat' dir='ltr'>ubique</span> <span class='ocrx_word' id='word_1_113' title='bbox 1487 1908 1490 1913; x_wconf 95' lang='lat'>·</span> <span class='ocrx_word' id='word_1_114' title='bbox 1520 1891 1521 1910; x_wconf 66' lang='lat'>¹</span> 
     </span>
     <span class='ocr_line' id='line_1_14' title="bbox 295 1989 1430 2072; baseline 0.002 -18"><span class='ocrx_word' id='word_1_115' title='bbox 295 2008 365 2054; x_wconf 88' lang='lat' dir='ltr'>esse</span> <span class='ocrx_word' id='word_1_116' title='bbox 401 1993 600 2072; x_wconf 85' lang='lat' dir='ltr'>praesentem</span> <span class='ocrx_word' id='word_1_117' title='bbox 638 1989 723 2054; x_wconf 87' lang='lat' dir='ltr'>sicut</span> <span class='ocrx_word' id='word_1_118' title='bbox 757 1991 937 2069; x_wconf 88' lang='lat' dir='ltr'>ueritatem,</span> <span class='ocrx_word' id='word_1_119' title='bbox 976 1991 1067 2056; x_wconf 84' lang='lat' dir='ltr'>cuius</span> <span class='ocrx_word' id='word_1_120' title='bbox 1104 2011 1196 2056; x_wconf 89' lang='lat' dir='ltr'>nemo</span> <span class='ocrx_word' id='word_1_121' title='bbox 1228 1992 1332 2056; x_wconf 86' lang='lat' dir='ltr'>sobrie</span> <span class='ocrx_word' id='word_1_122' title='bbox 1362 1991 1430 2056; x_wconf 87' lang='lat' dir='ltr'>dicit</span> 
     </span>
     <span class='ocr_line' id='line_1_15' title="bbox 293 2095 1428 2181; baseline 0 -21"><span class='ocrx_word' id='word_1_123' title='bbox 293 2100 416 2181; x_wconf 88' lang='lat' dir='ltr'>partem</span> <span class='ocrx_word' id='word_1_124' title='bbox 440 2114 510 2160; x_wconf 87' lang='lat' dir='ltr'>esse</span> <span class='ocrx_word' id='word_1_125' title='bbox 538 2096 570 2159; x_wconf 92' lang='lat' dir='ltr'>in</span> <span class='ocrx_word' id='word_1_126' title='bbox 599 2095 662 2160; x_wconf 89' lang='lat' dir='ltr'>isto</span> <span class='ocrx_word' id='word_1_127' title='bbox 690 2097 762 2160; x_wconf 82' lang='lat' dir='ltr'>loco</span> <span class='ocrx_word' id='word_1_128' title='bbox 787 2098 819 2159; x_wconf 91' lang='lat' dir='ltr'>et</span> <span class='ocrx_word' id='word_1_129' title='bbox 845 2099 967 2179; x_wconf 85' lang='lat' dir='ltr'>partem</span> <span class='ocrx_word' id='word_1_130' title='bbox 995 2097 1026 2159; x_wconf 92' lang='lat' dir='ltr'>in</span> <span class='ocrx_word' id='word_1_131' title='bbox 1054 2096 1121 2172; x_wconf 89' lang='lat' dir='ltr'>illo,</span> <span class='ocrx_word' id='word_1_132' title='bbox 1146 2097 1295 2178; x_wconf 90' lang='lat' dir='ltr'>quoniam</span> <span class='ocrx_word' id='word_1_133' title='bbox 1323 2097 1428 2161; x_wconf 87' lang='lat' dir='ltr'>ueritas</span> 
     </span>
     <span class='ocr_line' id='line_1_16' title="bbox 292 2201 1463 2286; baseline -0.008 -18"><span class='ocrx_word' id='word_1_134' title='bbox 292 2205 405 2286; x_wconf 88' lang='lat' dir='ltr'>utique</span> <span class='ocrx_word' id='word_1_135' title='bbox 434 2202 513 2268; x_wconf 85' lang='lat' dir='ltr'>deus</span> <span class='ocrx_word' id='word_1_136' title='bbox 541 2205 600 2279; x_wconf 87' lang='lat' dir='ltr'>est,</span> <span class='ocrx_word' id='word_1_137' title='bbox 628 2221 828 2286; x_wconf 88' lang='lat' dir='ltr'>nequaquam</span> <span class='ocrx_word' id='word_1_138' title='bbox 857 2221 929 2266; x_wconf 87' lang='lat' dir='ltr'>eum</span> <span class='ocrx_word' id='word_1_139' title='bbox 957 2203 1112 2280; x_wconf 88' lang='lat' dir='ltr'>mouehit,</span> <span class='ocrx_word' id='word_1_140' title='bbox 1140 2201 1224 2285; x_wconf 92' lang='lat' dir='ltr'>quod</span> <span class='ocrx_word' id='word_1_141' title='bbox 1253 2203 1291 2268; x_wconf 88' lang='lat' dir='ltr'>de</span> <span class='ocrx_word' id='word_1_142' title='bbox 1317 2202 1463 2267; x_wconf 73' lang='lat' dir='ltr'>infinitos</span> 
     </span>
     <span class='ocr_line' id='line_1_17' title="bbox 294 2307 1428 2392; baseline -0.002 -18"><span class='ocrx_word' id='word_1_143' title='bbox 294 2329 364 2374; x_wconf 88' lang='lat' dir='ltr'>aere</span> <span class='ocrx_word' id='word_1_144' title='bbox 388 2309 497 2387; x_wconf 90' lang='lat' dir='ltr'>sensit,</span> <span class='ocrx_word' id='word_1_145' title='bbox 522 2309 715 2392; x_wconf 87' lang='lat' dir='ltr'>quicumque</span> <span class='ocrx_word' id='word_1_146' title='bbox 740 2309 850 2387; x_wconf 86' lang='lat' dir='ltr'>sensit,</span> <span class='ocrx_word' id='word_1_147' title='bbox 875 2308 960 2391; x_wconf 91' lang='lat' dir='ltr'>quod</span> <span class='ocrx_word' id='word_1_148' title='bbox 982 2311 1051 2391; x_wconf 90' lang='lat' dir='ltr'>ipse</span> <span class='ocrx_word' id='word_1_149' title='bbox 1076 2313 1163 2374; x_wconf 88' lang='lat' dir='ltr'>esset</span> <span class='ocrx_word' id='word_1_150' title='bbox 1185 2307 1272 2374; x_wconf 90' lang='lat' dir='ltr'>deus.</span> <span class='ocrx_word' id='word_1_151' title='bbox 1301 2309 1374 2392; x_wconf 90' lang='lat' dir='ltr'>quid</span> <span class='ocrx_word' id='word_1_152' title='bbox 1395 2309 1428 2372; x_wconf 89' lang='lat' dir='ltr'>ad</span> 
     </span>
     <span class='ocr_line' id='line_1_18' title="bbox 292 2415 1426 2499; baseline 0 -19"><span class='ocrx_word' id='word_1_153' title='bbox 292 2416 396 2494; x_wconf 89' lang='lat' dir='ltr'>illum,</span> <span class='ocrx_word' id='word_1_154' title='bbox 425 2417 453 2480; x_wconf 90' lang='lat' dir='ltr'>si</span> <span class='ocrx_word' id='word_1_155' title='bbox 481 2416 612 2493; x_wconf 87' lang='lat' dir='ltr'>nesciat,</span> <span class='ocrx_word' id='word_1_156' title='bbox 641 2433 736 2498; x_wconf 92' lang='lat' dir='ltr'>quam</span> <span class='ocrx_word' id='word_1_157' title='bbox 759 2416 867 2480; x_wconf 87' lang='lat' dir='ltr'>dicant</span> <span class='ocrx_word' id='word_1_158' title='bbox 894 2417 950 2480; x_wconf 89' lang='lat' dir='ltr'>isti</span> <span class='ocrx_word' id='word_1_159' title='bbox 973 2415 1113 2499; x_wconf 88' lang='lat' dir='ltr'>eorporis</span> <span class='ocrx_word' id='word_1_160' title='bbox 1140 2417 1274 2480; x_wconf 84' lang='lat' dir='ltr'>formam</span> <span class='ocrx_word' id='word_1_161' title='bbox 1305 2453 1346 2462; x_wconf 81' lang='lat'><em>-</em></span> <span class='ocrx_word' id='word_1_162' title='bbox 1368 2435 1426 2480; x_wconf 89' lang='lat' dir='ltr'>eam</span> 
     </span>
     <span class='ocr_line' id='line_1_19' title="bbox 294 2522 1428 2606; baseline -0.002 -18"><span class='ocrx_word' id='word_1_163' title='bbox 294 2525 410 2606; x_wconf 91' lang='lat' dir='ltr'>quippe</span> <span class='ocrx_word' id='word_1_164' title='bbox 434 2522 553 2602; x_wconf 90' lang='lat' dir='ltr'>dicunt,</span> <span class='ocrx_word' id='word_1_165' title='bbox 578 2542 659 2605; x_wconf 87' lang='lat' dir='ltr'>quae</span> <span class='ocrx_word' id='word_1_166' title='bbox 682 2522 821 2604; x_wconf 89' lang='lat' dir='ltr'>undique</span> <span class='ocrx_word' id='word_1_167' title='bbox 845 2522 934 2587; x_wconf 89' lang='lat' dir='ltr'>finita</span> <span class='ocrx_word' id='word_1_168' title='bbox 957 2522 1001 2587; x_wconf 90' lang='lat' dir='ltr'>sit</span> <span class='ocrx_word' id='word_1_169' title='bbox 1023 2559 1065 2570; x_wconf 96' lang='lat'>—</span> <span class='ocrx_word' id='word_1_170' title='bbox 1091 2526 1123 2587; x_wconf 89' lang='lat' dir='ltr'>et</span> <span class='ocrx_word' id='word_1_171' title='bbox 1144 2526 1252 2588; x_wconf 89' lang='lat' dir='ltr'>utrum</span> <span class='ocrx_word' id='word_1_172' title='bbox 1276 2522 1428 2588; x_wconf 79' lang='lat' dir='ltr'>refellendi</span> 
     </span>
     <span class='ocr_line' id='line_1_20' title="bbox 294 2629 1428 2712; baseline -0.001 -19"><span class='ocrx_word' id='word_1_173' title='bbox 294 2649 389 2694; x_wconf 88' lang='lat' dir='ltr'>eausa</span> <span class='ocrx_word' id='word_1_174' title='bbox 420 2636 584 2712; x_wconf 88' lang='lat' dir='ltr'>tamquam</span> <span class='ocrx_word' id='word_1_175' title='bbox 611 2629 822 2694; x_wconf 84' lang='lat' dir='ltr'>Academicus</span> <span class='ocrx_word' id='word_1_176' title='bbox 849 2629 1034 2695; x_wconf 80' lang='lat' dir='ltr'>Anaximenl</span> <span class='ocrx_word' id='word_1_177' title='bbox 1062 2629 1170 2695; x_wconf 83' lang='lat' dir='ltr'>Cicero</span> <span class='ocrx_word' id='word_1_178' title='bbox 1199 2629 1347 2694; x_wconf 88' lang='lat' dir='ltr'>obiecerit</span> <span class='ocrx_word' id='word_1_179' title='bbox 1373 2629 1428 2694; x_wconf 84' lang='lat' dir='ltr'>lor·</span> 
     </span>
     <span class='ocr_line' id='line_1_21' title="bbox 293 2736 1462 2820; baseline -0.001 -21"><span class='ocrx_word' id='word_1_180' title='bbox 293 2755 377 2800; x_wconf 90' lang='lat' dir='ltr'>mam</span> <span class='ocrx_word' id='word_1_181' title='bbox 397 2739 430 2800; x_wconf 94' lang='lat' dir='ltr'>et</span> <span class='ocrx_word' id='word_1_182' title='bbox 446 2737 717 2820; x_wconf 89' lang='lat' dir='ltr'>pulchritudinem</span> <span class='ocrx_word' id='word_1_183' title='bbox 737 2736 831 2800; x_wconf 91' lang='lat' dir='ltr'>deum</span> <span class='ocrx_word' id='word_1_184' title='bbox 850 2737 966 2801; x_wconf 86' lang='lat' dir='ltr'>habere</span> <span class='ocrx_word' id='word_1_185' title='bbox 986 2739 1129 2818; x_wconf 87' lang='lat' dir='ltr'>oportere</span> <span class='ocrx_word' id='word_1_186' title='bbox 1148 2736 1240 2818; x_wconf 87' lang='lat' dir='ltr'>quasi</span> <span class='ocrx_word' id='word_1_187' title='bbox 1259 2754 1462 2819; x_wconf 71' lang='lat' dir='ltr'>corporearum</span> 
     </span>
     <span class='ocr_line' id='line_1_22' title="bbox 294 2842 1427 2926; baseline -0.002 -20"><span class='ocrx_word' id='word_1_188' title='bbox 294 2843 429 2925; x_wconf 89' lang='lat' dir='ltr'>speciem</span> <span class='ocrx_word' id='word_1_189' title='bbox 455 2843 609 2926; x_wconf 87' lang='lat' dir='ltr'>cogitans,</span> <span class='ocrx_word' id='word_1_190' title='bbox 634 2843 709 2925; x_wconf 90' lang='lat' dir='ltr'>quia</span> <span class='ocrx_word' id='word_1_191' title='bbox 731 2844 786 2907; x_wconf 90' lang='lat' dir='ltr'>ille</span> <span class='ocrx_word' id='word_1_192' title='bbox 811 2862 996 2925; x_wconf 91' lang='lat' dir='ltr'>corporeum</span> <span class='ocrx_word' id='word_1_193' title='bbox 1019 2842 1112 2907; x_wconf 88' lang='lat' dir='ltr'>deum</span> <span class='ocrx_word' id='word_1_194' title='bbox 1137 2861 1208 2907; x_wconf 86' lang='lat' dir='ltr'>esse</span> <span class='ocrx_word' id='word_1_195' title='bbox 1231 2843 1355 2920; x_wconf 79' lang='lat' dir='ltr'>dixerat,</span> <span class='ocrx_word' id='word_1_196' title='bbox 1380 2861 1427 2906; x_wconf 86' lang='lat' dir='ltr'>aer</span> 
     </span>
     <span class='ocr_line' id='line_1_23' title="bbox 293 2947 1426 3032; baseline -0.001 -21"><span class='ocrx_word' id='word_1_197' title='bbox 293 2949 376 3012; x_wconf 92' lang='lat' dir='ltr'>enim</span> <span class='ocrx_word' id='word_1_198' title='bbox 400 2967 515 3031; x_wconf 88' lang='lat' dir='ltr'>corpus</span> <span class='ocrx_word' id='word_1_199' title='bbox 539 2952 603 3024; x_wconf 80' lang='lat' dir='ltr'>est3</span> <span class='ocrx_word' id='word_1_200' title='bbox 628 2969 666 3014; x_wconf 87' lang='lat' dir='ltr'>au</span> <span class='ocrx_word' id='word_1_201' title='bbox 689 2952 758 3032; x_wconf 90' lang='lat' dir='ltr'>ipse</span> <span class='ocrx_word' id='word_1_202' title='bbox 783 2949 940 3014; x_wconf 85' lang='lat' dir='ltr'>sentiebat</span> <span class='ocrx_word' id='word_1_203' title='bbox 964 2968 1033 3014; x_wconf 87' lang='lat' dir='ltr'>esse</span> <span class='ocrx_word' id='word_1_204' title='bbox 1057 2949 1188 3014; x_wconf 85' lang='lat' dir='ltr'>formam</span> <span class='ocrx_word' id='word_1_205' title='bbox 1209 2952 1241 3014; x_wconf 88' lang='lat' dir='ltr'>et</span> <span class='ocrx_word' id='word_1_206' title='bbox 1263 2947 1426 3032; x_wconf 88' lang='lat' dir='ltr'>pulchritu-</span> 
     </span>
     <span class='ocr_line' id='line_1_24' title="bbox 293 3054 1425 3140; baseline -0.002 -22"><span class='ocrx_word' id='word_1_207' title='bbox 293 3054 397 3119; x_wconf 86' lang='lat' dir='ltr'>dinem</span> <span class='ocrx_word' id='word_1_208' title='bbox 429 3055 646 3140; x_wconf 88' lang='lat' dir='ltr'>incorpoream</span> <span class='ocrx_word' id='word_1_209' title='bbox 678 3055 817 3134; x_wconf 88' lang='lat' dir='ltr'>uerituti,</span> <span class='ocrx_word' id='word_1_210' title='bbox 846 3075 908 3138; x_wconf 93' lang='lat' dir='ltr'>qua</span> <span class='ocrx_word' id='word_1_211' title='bbox 938 3057 1008 3138; x_wconf 90' lang='lat' dir='ltr'>ipse</span> <span class='ocrx_word' id='word_1_212' title='bbox 1041 3055 1166 3120; x_wconf 91' lang='lat' dir='ltr'>animus</span> <span class='ocrx_word' id='word_1_213' title='bbox 1193 3055 1372 3120; x_wconf 82' lang='lat' dir='ltr'>informatur</span> <span class='ocrx_word' id='word_1_214' title='bbox 1398 3055 1425 3116; x_wconf 83' lang='lat' dir='ltr'>et</span> 
     </span>
     <span class='ocr_line' id='line_1_25' title="bbox 292 3162 1424 3246; baseline -0.002 -20"><span class='ocrx_word' id='word_1_215' title='bbox 292 3180 348 3242; x_wconf 88' lang='lat' dir='ltr'>per</span> <span class='ocrx_word' id='word_1_216' title='bbox 376 3180 470 3243; x_wconf 87' lang='lat' dir='ltr'>quam</span> <span class='ocrx_word' id='word_1_217' title='bbox 500 3163 604 3227; x_wconf 92' lang='lat' dir='ltr'>omnia</span> <span class='ocrx_word' id='word_1_218' title='bbox 631 3162 784 3246; x_wconf 90' lang='lat' dir='ltr'>sapientis</span> <span class='ocrx_word' id='word_1_219' title='bbox 812 3163 896 3228; x_wconf 88' lang='lat' dir='ltr'>facta</span> <span class='ocrx_word' id='word_1_220' title='bbox 924 3163 1054 3245; x_wconf 87' lang='lat' dir='ltr'>pulchra</span> <span class='ocrx_word' id='word_1_221' title='bbox 1082 3181 1151 3227; x_wconf 90' lang='lat' dir='ltr'>esse</span> <span class='ocrx_word' id='word_1_222' title='bbox 1178 3162 1362 3236; x_wconf 87' lang='lat' dir='ltr'>iudicamus,</span> <span class='ocrx_word' id='word_1_223' title='bbox 1393 3163 1424 3224; x_wconf 91' lang='lat' dir='ltr'>ut</span> 
     </span>
     <span class='ocr_line' id='line_1_26' title="bbox 292 3267 1460 3353; baseline -0.003 -21"><span class='ocrx_word' id='word_1_224' title='bbox 292 3287 354 3333; x_wconf 89' lang='lat' dir='ltr'>nou</span> <span class='ocrx_word' id='word_1_225' title='bbox 372 3273 499 3334; x_wconf 88' lang='lat' dir='ltr'>tantum</span> <span class='ocrx_word' id='word_1_226' title='bbox 521 3269 686 3335; x_wconf 85' lang='lat' dir='ltr'>refellendi</span> <span class='ocrx_word' id='word_1_227' title='bbox 709 3271 813 3353; x_wconf 87' lang='lat' dir='ltr'>gratia</span> <span class='ocrx_word' id='word_1_228' title='bbox 836 3269 892 3334; x_wconf 90' lang='lat' dir='ltr'>sed</span> <span class='ocrx_word' id='word_1_229' title='bbox 911 3269 1006 3335; x_wconf 90' lang='lat' dir='ltr'>etiam</span> <span class='ocrx_word' id='word_1_230' title='bbox 1025 3269 1192 3334; x_wconf 87' lang='lat' dir='ltr'>uerissime</span> <span class='ocrx_word' id='word_1_231' title='bbox 1212 3270 1330 3344; x_wconf 80' lang='lat' dir='ltr'>dixerit,</span> <span class='ocrx_word' id='word_1_232' title='bbox 1349 3267 1424 3350; x_wconf 92' lang='lat' dir='ltr'>quod</span> <span class='ocrx_word' id='word_1_233' title='bbox 1440 3287 1460 3325; x_wconf 75' lang='lat' dir='ltr'>a</span> 
     </span>
    </p>
   </div>
   <div class='ocr_carea' id='block_1_3' title="bbox 293 3375 1423 3460">
    <p class='ocr_par' dir='ltr' id='par_1_5' title="bbox 293 3375 1423 3460">
     <span class='ocr_line' id='line_1_27' title="bbox 293 3375 1423 3460; baseline -0.003 -20"><span class='ocrx_word' id='word_1_234' title='bbox 293 3375 388 3440; x_wconf 88' lang='lat' dir='ltr'>deum</span> <span class='ocrx_word' id='word_1_235' title='bbox 410 3376 623 3460; x_wconf 83' lang='lat' dir='ltr'>pulcherrima</span> <span class='ocrx_word' id='word_1_236' title='bbox 646 3377 752 3459; x_wconf 89' lang='lat' dir='ltr'>specie</span> <span class='ocrx_word' id='word_1_237' title='bbox 772 3377 883 3442; x_wconf 86' lang='lat' dir='ltr'>deceat</span> <span class='ocrx_word' id='word_1_238' title='bbox 901 3395 981 3452; x_wconf 87' lang='lat' dir='ltr'>esse,</span> <span class='ocrx_word' id='word_1_239' title='bbox 1006 3375 1082 3458; x_wconf 89' lang='lat' dir='ltr'>quia</span> <span class='ocrx_word' id='word_1_240' title='bbox 1104 3375 1183 3440; x_wconf 92' lang='lat' dir='ltr'>nihil</span> <span class='ocrx_word' id='word_1_241' title='bbox 1202 3379 1251 3440; x_wconf 88' lang='lat' dir='ltr'>est</span> <span class='ocrx_word' id='word_1_242' title='bbox 1273 3375 1423 3459; x_wconf 87' lang='lat' dir='ltr'>pulchrius</span> 
     </span>
    </p>
   </div>
   <div class='ocr_carea' id='block_1_4' title="bbox 382 3633 787 3704">
    <p class='ocr_par' dir='ltr' id='par_1_6' title="bbox 382 3633 787 3704">
     <span class='ocr_line' id='line_1_28' title="bbox 382 3633 787 3704; baseline 0.005 -16"><span class='ocrx_word' id='word_1_243' title='bbox 382 3635 415 3688; x_wconf 88' lang='grc'>19</span> <span class='ocrx_word' id='word_1_244' title='bbox 433 3633 466 3688; x_wconf 86' lang='lat' dir='ltr'>cf.</span> <span class='ocrx_word' id='word_1_245' title='bbox 486 3634 520 3688; x_wconf 84' lang='lat' dir='ltr'>de</span> <span class='ocrx_word' id='word_1_246' title='bbox 537 3639 593 3689; x_wconf 89' lang='lat' dir='ltr'>nat.</span> <span class='ocrx_word' id='word_1_247' title='bbox 613 3635 638 3690; x_wconf 92' lang='lat' dir='ltr'>d.</span> <span class='ocrx_word' id='word_1_248' title='bbox 656 3637 671 3690; x_wconf 96' lang='lat' dir='ltr'>I</span> <span class='ocrx_word' id='word_1_249' title='bbox 691 3635 733 3704; x_wconf 88' lang='lat'>10,</span> <span class='ocrx_word' id='word_1_250' title='bbox 752 3637 787 3690; x_wconf 85' lang='lat'>26</span> 
     </span>
    </p>
   </div>
   <div class='ocr_carea' id='block_1_5' title="bbox 289 3793 1423 4486">
    <p class='ocr_par' dir='ltr' id='par_1_7' title="bbox 289 3793 1423 4486">
     <span class='ocr_line' id='line_1_29' title="bbox 328 3793 1422 3866; baseline -0.001 -19"><span class='ocrx_word' id='word_1_251' title='bbox 328 3794 396 3848; x_wconf 92' lang='lat' dir='ltr'>lde</span> <span class='ocrx_word' id='word_1_252' title='bbox 415 3798 440 3862; x_wconf 90' lang='lat' dir='ltr'>(e</span> <span class='ocrx_word' id='word_1_253' title='bbox 458 3811 480 3850; x_wconf 83' lang='lat' dir='ltr'>a.</span> <span class='ocrx_word' id='word_1_254' title='bbox 499 3813 527 3849; x_wconf 78' lang='lat' dir='ltr'>u.</span> <span class='ocrx_word' id='word_1_255' title='bbox 545 3801 615 3862; x_wconf 76' lang='lat' dir='ltr'>ml)</span> <span class='ocrx_word' id='word_1_256' title='bbox 635 3795 670 3850; x_wconf 99' lang='lat' dir='ltr'><strong><em>M</em></strong></span> <span class='ocrx_word' id='word_1_257' title='bbox 722 3796 857 3851; x_wconf 82' lang='lat' dir='ltr'>2hbsret</span> <span class='ocrx_word' id='word_1_258' title='bbox 876 3799 916 3864; x_wconf 85' lang='lat' dir='ltr'>(cr</span> <span class='ocrx_word' id='word_1_259' title='bbox 935 3813 994 3865; x_wconf 80' lang='lat' dir='ltr'>exp.</span> <span class='ocrx_word' id='word_1_260' title='bbox 1013 3795 1089 3866; x_wconf 62' lang='grc' dir='ltr'>Μ)</span> <span class='ocrx_word' id='word_1_261' title='bbox 1109 3793 1422 3864; x_wconf 48' lang='grc' dir='ltr'><strong>ε1εἰΜ1111ωυεῒεί</strong></span> 
     </span>
     <span class='ocr_line' id='line_1_30' title="bbox 292 3881 1421 3954; baseline -0.004 -16"><span class='ocrx_word' id='word_1_262' title='bbox 292 3885 337 3951; x_wconf 57' lang='grc' dir='ltr'>(ψ</span> <span class='ocrx_word' id='word_1_263' title='bbox 356 3883 472 3951; x_wconf 84' lang='lat' dir='ltr'>m.2)P</span> <span class='ocrx_word' id='word_1_264' title='bbox 524 3885 708 3939; x_wconf 77' lang='lat' dir='ltr'>cnecessius</span> <span class='ocrx_word' id='word_1_265' title='bbox 727 3888 837 3954; x_wconf 89' lang='lat' dir='ltr'>cogeret</span> <span class='ocrx_word' id='word_1_266' title='bbox 856 3882 986 3939; x_wconf 88' lang='lat' dir='ltr'>dicereR</span> <span class='ocrx_word' id='word_1_267' title='bbox 1040 3884 1139 3938; x_wconf 81' lang='lat' dir='ltr'>4huic</span> <span class='ocrx_word' id='word_1_268' title='bbox 1157 3899 1208 3938; x_wconf 87' lang='lat' dir='ltr'>om.</span> <span class='ocrx_word' id='word_1_269' title='bbox 1227 3883 1255 3938; x_wconf 83' lang='lat' dir='ltr'>A</span> <span class='ocrx_word' id='word_1_270' title='bbox 1325 3881 1421 3937; x_wconf 85' lang='lat' dir='ltr'>humili-</span> 
     </span>
     <span class='ocr_line' id='line_1_31' title="bbox 290 3972 1421 4042; baseline -0.001 -16"><span class='ocrx_word' id='word_1_271' title='bbox 290 3973 358 4026; x_wconf 85' lang='lat' dir='ltr'>tatis</span> <span class='ocrx_word' id='word_1_272' title='bbox 375 3972 413 4026; x_wconf 87' lang='lat' dir='ltr'><strong><em>M</em></strong></span> <span class='ocrx_word' id='word_1_273' title='bbox 447 3973 654 4027; x_wconf 76' lang='lat' dir='ltr'>ihumilitatus</span> <span class='ocrx_word' id='word_1_274' title='bbox 673 3976 728 4042; x_wconf 80' lang='lat' dir='ltr'>(pr.</span> <span class='ocrx_word' id='word_1_275' title='bbox 747 3975 762 4026; x_wconf 93' lang='lat' dir='ltr'>t</span> <span class='ocrx_word' id='word_1_276' title='bbox 780 3990 839 4042; x_wconf 76' lang='lat' dir='ltr'>exp.</span> <span class='ocrx_word' id='word_1_277' title='bbox 858 3975 933 4039; x_wconf 66' lang='grc' dir='ltr'>Μ)</span> <span class='ocrx_word' id='word_1_278' title='bbox 952 3972 990 4026; x_wconf 87' lang='lat' dir='ltr'><strong><em>M</em></strong></span> <span class='ocrx_word' id='word_1_279' title='bbox 1028 3973 1198 4027; x_wconf 84' lang='lat' dir='ltr'>8senserint</span> <span class='ocrx_word' id='word_1_280' title='bbox 1215 3973 1233 4040; x_wconf 87' lang='lat' dir='ltr'><em>f</em></span> <span class='ocrx_word' id='word_1_281' title='bbox 1240 3973 1309 4026; x_wconf 73' lang='lat' dir='ltr'>lom</span> <span class='ocrx_word' id='word_1_282' title='bbox 1343 3973 1421 4025; x_wconf 78' lang='lat' dir='ltr'>cen-</span> 
     </span>
     <span class='ocr_line' id='line_1_32' title="bbox 291 4047 1423 4132; baseline -0.003 -17"><span class='ocrx_word' id='word_1_283' title='bbox 291 4061 449 4130; x_wconf 81' lang='lat' dir='ltr'>ditilquae,</span> <span class='ocrx_word' id='word_1_284' title='bbox 467 4064 531 4114; x_wconf 84' lang='lat' dir='ltr'>m.2</span> <span class='ocrx_word' id='word_1_285' title='bbox 549 4061 701 4131; x_wconf 86' lang='lat' dir='ltr'>eruditique</span> <span class='ocrx_word' id='word_1_286' title='bbox 719 4061 756 4115; x_wconf 92' lang='lat' dir='ltr'><strong><em>M</em></strong></span> <span class='ocrx_word' id='word_1_287' title='bbox 811 4063 841 4116; x_wconf 93' lang='lat' dir='ltr'>ll</span> <span class='ocrx_word' id='word_1_288' title='bbox 863 4063 921 4132; x_wconf 91' lang='lat' dir='ltr'>aut]</span> <span class='ocrx_word' id='word_1_289' title='bbox 942 4047 1078 4131; x_wconf 55' lang='lat' dir='ltr'>sequere</span> <span class='ocrx_word' id='word_1_290' title='bbox 1138 4061 1199 4115; x_wconf 87' lang='lat' dir='ltr'>loca</span> <span class='ocrx_word' id='word_1_291' title='bbox 1216 4059 1281 4115; x_wconf 82' lang='lat' dir='ltr'>MR</span> <span class='ocrx_word' id='word_1_292' title='bbox 1352 4074 1423 4128; x_wconf 81' lang='lat' dir='ltr'>super</span> 
     </span>
     <span class='ocr_line' id='line_1_33' title="bbox 290 4145 1422 4219; baseline -0.004 -15"><span class='ocrx_word' id='word_1_293' title='bbox 290 4151 382 4204; x_wconf 87' lang='lat' dir='ltr'>linitos</span> <span class='ocrx_word' id='word_1_294' title='bbox 401 4155 427 4203; x_wconf 87' lang='lat' dir='ltr'>et</span> <span class='ocrx_word' id='word_1_295' title='bbox 444 4149 565 4202; x_wconf 89' lang='lat' dir='ltr'>infinitos</span> <span class='ocrx_word' id='word_1_296' title='bbox 584 4154 650 4203; x_wconf 80' lang='lat' dir='ltr'>m.2</span> <span class='ocrx_word' id='word_1_297' title='bbox 667 4151 681 4203; x_wconf 86' lang='lat' dir='ltr'>l</span> <span class='ocrx_word' id='word_1_298' title='bbox 698 4149 777 4204; x_wconf 85' lang='lat' dir='ltr'>tisR</span> <span class='ocrx_word' id='word_1_299' title='bbox 834 4151 867 4202; x_wconf 82' lang='lat'>14</span> <span class='ocrx_word' id='word_1_300' title='bbox 886 4165 945 4204; x_wconf 87' lang='lat' dir='ltr'>esse</span> <span class='ocrx_word' id='word_1_301' title='bbox 964 4152 1068 4219; x_wconf 88' lang='lat' dir='ltr'>partem</span> <span class='ocrx_word' id='word_1_302' title='bbox 1083 4147 1111 4204; x_wconf 87' lang='lat' dir='ltr'><em>R</em></span> <span class='ocrx_word' id='word_1_303' title='bbox 1162 4151 1194 4203; x_wconf 91' lang='grc'>16</span> <span class='ocrx_word' id='word_1_304' title='bbox 1208 4149 1274 4203; x_wconf 85' lang='lat' dir='ltr'>deus</span> <span class='ocrx_word' id='word_1_305' title='bbox 1289 4152 1360 4203; x_wconf 87' lang='lat' dir='ltr'>esset</span> <span class='ocrx_word' id='word_1_306' title='bbox 1372 4145 1422 4200; x_wconf 82' lang='lat' dir='ltr'>edd.</span> 
     </span>
     <span class='ocr_line' id='line_1_34' title="bbox 292 4236 1423 4308; baseline -0.004 -16"><span class='ocrx_word' id='word_1_307' title='bbox 292 4239 324 4292; x_wconf 83' lang='grc'>17</span> <span class='ocrx_word' id='word_1_308' title='bbox 344 4239 449 4293; x_wconf 85' lang='lat' dir='ltr'>nesciat</span> <span class='ocrx_word' id='word_1_309' title='bbox 467 4238 557 4308; x_wconf 89' lang='lat' dir='ltr'>quam]</span> <span class='ocrx_word' id='word_1_310' title='bbox 576 4239 699 4292; x_wconf 85' lang='lat' dir='ltr'>nesciant</span> <span class='ocrx_word' id='word_1_311' title='bbox 718 4238 783 4308; x_wconf 91' lang='lat' dir='ltr'>quid</span> <span class='ocrx_word' id='word_1_312' title='bbox 801 4239 829 4294; x_wconf 87' lang='lat' dir='ltr'><em>R</em></span> <span class='ocrx_word' id='word_1_313' title='bbox 867 4239 900 4293; x_wconf 90' lang='lat'>18</span> <span class='ocrx_word' id='word_1_314' title='bbox 916 4237 1019 4308; x_wconf 86' lang='lat' dir='ltr'>dieunt]</span> <span class='ocrx_word' id='word_1_315' title='bbox 1040 4236 1132 4292; x_wconf 86' lang='lat' dir='ltr'>dicant</span> <span class='ocrx_word' id='word_1_316' title='bbox 1149 4236 1177 4292; x_wconf 86' lang='lat' dir='ltr'><em>R</em></span> <span class='ocrx_word' id='word_1_317' title='bbox 1228 4239 1262 4291; x_wconf 85' lang='grc'>19</span> <span class='ocrx_word' id='word_1_318' title='bbox 1281 4236 1423 4292; x_wconf 70' lang='lat' dir='ltr'>anuameni</span> 
     </span>
     <span class='ocr_line' id='line_1_35' title="bbox 289 4311 1422 4396; baseline -0.002 -16"><span class='ocrx_word' id='word_1_319' title='bbox 289 4325 352 4380; x_wconf 86' lang='lat' dir='ltr'>MA</span> <span class='ocrx_word' id='word_1_320' title='bbox 370 4327 521 4381; x_wconf 83' lang='lat' dir='ltr'>anaximeni</span> <span class='ocrx_word' id='word_1_321' title='bbox 541 4332 639 4396; x_wconf 71' lang='lat' dir='ltr'>(posit.</span> <span class='ocrx_word' id='word_1_322' title='bbox 660 4327 678 4381; x_wconf 80' lang='lat'>1.</span> <span class='ocrx_word' id='word_1_323' title='bbox 697 4344 718 4382; x_wconf 88' lang='lat' dir='ltr'>a.</span> <span class='ocrx_word' id='word_1_324' title='bbox 737 4332 778 4394; x_wconf 79' lang='lat' dir='ltr'>u.)</span> <span class='ocrx_word' id='word_1_325' title='bbox 803 4327 829 4380; x_wconf 89' lang='lat' dir='ltr'><em>V</em></span> <span class='ocrx_word' id='word_1_326' title='bbox 898 4327 999 4381; x_wconf 88' lang='lat' dir='ltr'>obiecit</span> <span class='ocrx_word' id='word_1_327' title='bbox 1016 4325 1045 4381; x_wconf 86' lang='lat' dir='ltr'><strong><em>R</em></strong></span> <span class='ocrx_word' id='word_1_328' title='bbox 1120 4327 1152 4381; x_wconf 81' lang='lat'>21</span> <span class='ocrx_word' id='word_1_329' title='bbox 1172 4311 1215 4380; x_wconf 86' lang='lat' dir='ltr'>illi¹</span> <span class='ocrx_word' id='word_1_330' title='bbox 1233 4325 1323 4382; x_wconf 74' lang='grc' dir='ltr'>ΜΔΕ</span> <span class='ocrx_word' id='word_1_331' title='bbox 1388 4324 1422 4378; x_wconf 92' lang='lat' dir='ltr'>di·</span> 
     </span>
     <span class='ocr_line' id='line_1_36' title="bbox 290 4413 1209 4486; baseline 0.002 -18"><span class='ocrx_word' id='word_1_332' title='bbox 290 4416 384 4470; x_wconf 82' lang='lat' dir='ltr'>nerant</span> <span class='ocrx_word' id='word_1_333' title='bbox 401 4416 457 4470; x_wconf 79' lang='lat' dir='ltr'>AR</span> <span class='ocrx_word' id='word_1_334' title='bbox 511 4416 545 4469; x_wconf 85' lang='grc'>26</span> <span class='ocrx_word' id='word_1_335' title='bbox 565 4433 619 4486; x_wconf 91' lang='lat' dir='ltr'>qua</span> <span class='ocrx_word' id='word_1_336' title='bbox 636 4416 673 4470; x_wconf 93' lang='lat' dir='ltr'><strong><em>M</em></strong></span> <span class='ocrx_word' id='word_1_337' title='bbox 742 4415 888 4486; x_wconf 86' lang='lat' dir='ltr'>pulchrius,</span> <span class='ocrx_word' id='word_1_338' title='bbox 908 4420 967 4470; x_wconf 84' lang='lat' dir='ltr'>m.1</span> <span class='ocrx_word' id='word_1_339' title='bbox 984 4431 1072 4485; x_wconf 81' lang='lat' dir='ltr'>cupra</span> <span class='ocrx_word' id='word_1_340' title='bbox 1089 4415 1162 4486; x_wconf 90' lang='lat' dir='ltr'>prius</span> <span class='ocrx_word' id='word_1_341' title='bbox 1181 4413 1209 4470; x_wconf 87' lang='lat' dir='ltr'><em>R</em></span> 
     </span>
    </p>
   </div>
   <div class='ocr_carea' id='block_1_6' title="bbox 0 0 1550 5217">
    <p class='ocr_par' dir='ltr' id='par_1_8' title="bbox 0 0 1550 5217">
     <span class='ocr_line' id='line_1_37' title="bbox 0 0 1550 5217; baseline 0 1"><span class='ocrx_word' id='word_1_342' title='bbox 0 0 1550 5217; x_wconf 95' lang='lat' dir='ltr'> </span> 
     </span>
    </p>
   </div>
  </div>
 </body>
</html>
