3092 5217
520 463 784 534 epistularum
814 462 871 518 CII.
1203 470 1268 534 559

122 663 213 744 egeat
236 658 325 734 deus,
355 677 426 722 cum
449 657 482 723 in
506 656 626 723 eisdem
649 657 728 740 ipsis
751 657 866 722 litteris
890 658 1090 740 apertissime
1113 658 1268 743 scriptum

121 766 175 830 sit:
201 765 296 830 Dixi
319 764 496 830 domino:
521 765 640 829 ‘Deus
663 783 775 829 meus
799 783 840 829 es
863 767 917 844 tu,
942 765 1128 848 quoniam
1152 765 1268 831 bono·

119 892 202 936 rum
226 891 404 938 meorum
427 891 501 938 non
525 877 639 955 eges’,
659 870 716 937 sed
735 870 821 953 quod
840 871 936 935 etiam
954 872 986 936 in
1006 871 1057 937 his
1081 873 1135 938 uel
1157 891 1268 956 accep·

119 979 224 1044 tendis
253 980 306 1044 uel
333 978 538 1063 reprobandis
571 979 625 1042 uel
656 977 868 1062 percipiendis
896 997 958 1043 non
986 978 1049 1042 nisi
1085 978 1268 1044 hominibus

92 1085 275 1152 sconsulat.
298 1085 389 1151 nobis
414 1085 498 1150 enim
521 1084 650 1168 prodest
673 1084 776 1149 colere
800 1082 905 1164 deum,
929 1103 991 1148 non
1014 1083 1077 1166 ipsi
1100 1085 1169 1150 deo.
1193 1103 1266 1150 oum

119 1212 194 1277 ergo
227 1193 361 1276 inspirat
389 1195 422 1257 et
449 1193 551 1272 docet,
586 1211 648 1275 quo
680 1191 775 1256 modo
805 1191 956 1257 colandus
985 1192 1038 1268 sit,
1071 1210 1132 1256 non
1161 1192 1266 1256 solum

118 1317 176 1364 sua
204 1301 293 1364 nulla
320 1299 495 1384 indigentia
522 1300 600 1364 facit
623 1298 678 1364 sed
702 1303 810 1364 nostra
833 1298 969 1364 maxima
992 1298 1142 1365 utilitate.
1171 1297 1267 1384 signi·

117 1406 249 1472 ficutiua
271 1411 347 1471 sunt
366 1409 472 1472 autem
492 1405 596 1470 omnia
618 1405 696 1470 talia
720 1405 875 1470 sacrificia
892 1409 924 1471 et
942 1404 1138 1488 quarundam
1160 1424 1266 1470 rerum

117 1512 356 1589 similitudines,
377 1511 494 1594 quibus
513 1511 675 1577 admoneri
694 1530 751 1576 nos
771 1514 897 1594 oportet
915 1511 954 1577 ad
973 1530 1010 1575 ea
1027 1510 1107 1595 ipsa,
1131 1530 1264 1594 quornm

80 1643 101 1683 o
118 1619 345 1684 similitudines
365 1620 450 1694 sunt,
470 1619 538 1682 siue
559 1617 728 1682 scmtanda
743 1617 812 1682 siue
827 1617 986 1682 noscenda
1004 1618 1074 1682 siue
1089 1617 1264 1682 recolenda.

116 1725 153 1790 de
184 1745 247 1808 qua
274 1745 319 1803 re,
348 1728 501 1808 quantum
530 1725 608 1790 satis
636 1728 696 1804 est,
729 1723 911 1789 disserenda
937 1744 998 1790 non
1026 1725 1133 1790 breuis
1161 1744 1264 1790 sermo

115 1831 310 1916 flagitandus
339 1836 398 1909 est,
432 1850 493 1913 quo
526 1849 610 1896 nuno
636 1829 827 1913 respondere
854 1830 946 1894 nobis
978 1831 1177 1914 propositum
1205 1835 1264 1906 est,

115 1939 301 2022 praesertim
335 1939 408 2021 quia
439 1939 471 2002 in
505 1937 575 2002 aliis
605 1938 769 2021 opusculis
797 1938 915 2002 nostris
946 1937 985 2003 do
1017 1937 1076 2002 hac
1102 1956 1136 2001 re
1164 1937 1266 2002 multa

114 2045 178 2108 iam
211 2044 347 2110 diximus
381 2046 422 2120 et,
451 2043 506 2127 qui
534 2047 606 2108 ante
639 2063 695 2109 nos
728 2043 780 2107 dei
812 2043 938 2126 eloquia
968 2046 1197 2124 tractauerunt,
1226 2044 1264 2108 de

77 2175 98 2212 u
116 2151 380 2217 similitudinibus
396 2149 622 2216 sacrificiorum
637 2149 754 2214 ueteris
768 2150 950 2216 testament'
966 2154 1129 2233 tamquam
1141 2151 1264 2216 umbris

114 2258 289 2343 figurisque
313 2257 493 2323 futurorum
516 2257 643 2340 copiose
665 2257 766 2323 locuti
789 2259 875 2323 sunt.

43 2360 74 2423 18
157 2366 230 2431 Hoc
264 2384 337 2429 sane
365 2383 422 2430 nec
455 2364 487 2428 in
515 2363 579 2428 ista
606 2363 763 2429 breuitate
791 2363 1056 2446 praetereundum
1085 2367 1144 2441 est,
1179 2364 1263 2447 quod

113 2473 282 2555 templum,
307 2471 515 2549 sacerdotem,
540 2469 730 2536 sacrificium
755 2475 787 2535 et
806 2471 868 2536 alia
887 2490 1102 2554 quaecumque
1122 2471 1162 2536 ad
1184 2472 1262 2536 haec

112 2579 303 2662 pertinentia
334 2578 396 2642 nisi
428 2577 483 2643 uni
510 2596 585 2643 uero
615 2577 678 2659 deo
702 2577 809 2642 deberi
840 2582 972 2643 nossent
1011 2577 1055 2641 dii
1086 2577 1169 2656 falsi,
1201 2578 1262 2643 hoc

75 2707 98 2748 ro
114 2689 163 2750 ast
181 2685 362 2763 daemones,
387 2684 442 2766 qui
466 2688 541 2750 sunt
563 2685 831 2767 praeuaricatores
852 2685 967 2768 angeli,
989 2704 1162 2767 numquam
1184 2684 1262 2749 haec

114 2791 175 2857 sibi
209 2811 227 2856 a
259 2792 435 2856 cultoribus
473 2791 551 2868 suis,
591 2810 670 2874 quos
704 2791 875 2874 decipiunt,
913 2791 1114 2874 expetissent.
1148 2810 1262 2856 uerum

112 2900 189 2965 haec
214 2920 288 2964 cum
312 2901 497 2965 exhibentur
520 2900 578 2965 deo
608 2899 783 2965 secundum
807 2901 877 2965 eius
903 2899 1142 2981 inspirationem
1167 2901 1262 2982 atque

114 3007 301 3084 doctrinam,
324 3025 401 3070 uera
423 3006 535 3090 religio
555 3007 613 3083 est,
639 3025 711 3072 cum
731 3009 838 3071 autem
858 3005 1065 3071 daemonibus
1088 3004 1262 3070 secundum

114 3131 223 3178 eorum
251 3113 382 3197 impiam
411 3114 602 3197 superbiam,
635 3114 726 3178 noxia
758 3112 955 3194 superstitio.
989 3116 1180 3196 quapropter
1207 3114 1262 3195 qui

74 3237 97 3276 2⁵
115 3218 311 3285 Christianus
353 3221 478 3286 litteras
519 3221 688 3304 utriusque
724 3219 908 3285 testamenti
942 3219 1058 3297 sciunt,
1099 3238 1160 3284 non
1201 3220 1261 3285 hoc

202 3447 219 3500 2
237 3446 282 3500 Ps.
304 3448 346 3511 15,
365 3449 382 3501 2
439 3449 471 3502 15
492 3446 550 3504 col.
569 3449 594 3512 2,
615 3448 658 3512 17;
680 3447 763 3501 Hebr.
785 3449 827 3505 10,
848 3448 862 3502 1

150 3572 163 3625 l
183 3576 256 3642 eget,
276 3577 424 3626 corr.m.1
447 3574 528 3642 egeat
545 3571 579 3624 Μ
686 3573 714 3626 in
738 3571 841 3626 eisdem
865 3587 934 3625 corr.
953 3576 1066 3626 m.1ex
1087 3571 1207 3626 neisdem
1226 3571 1263 3624 Μ

149 3661 281 3730 scriptum
301 3667 315 3715 e
337 3660 363 3714 G
382 3661 419 3714 sit
437 3660 565 3730 scriptum
585 3661 613 3714 P
630 3660 689 3714 edd.
744 3661 760 3715 3
781 3659 875 3730 etiarn]
896 3661 950 3713 iam
969 3661 1051 3714 etiam
1071 3661 1101 3714 E
1171 3660 1198 3714 in
1218 3662 1260 3714 his

114 3749 167 3818 nel]
188 3739 217 3801 in
235 3749 278 3802 his
299 3751 361 3816 (om.
382 3749 435 3812 uel)
454 3750 485 3803 E
554 3749 725 3819 6quodomo
744 3748 778 3802 H
857 3748 1084 3805 consulendnsG
1157 3751 1262 3804 isulla

115 3843 143 3900 (n
161 3841 244 3902 eras.)
260 3837 296 3890 M
330 3839 346 3892 9
365 3839 434 3906 ipsa,
453 3842 513 3892 oui
532 3853 600 3892 corr.
618 3837 677 3892 uid.
696 3839 755 3908 ipso
776 3836 810 3891 H
825 3839 893 3909 ipsa,
911 3838 961 3892 aad
978 3854 995 3891 a
1012 3854 1046 3891 ex
1064 3854 1132 3895 corr.
1153 3837 1259 3903 (m.1?)

113 3925 151 3979 Μ
217 3927 249 3980 10
269 3925 382 3980 colenda
400 3926 433 3979 Η
500 3930 532 3983 11
552 3928 712 3981 breuissime
730 3924 910 3996 flagellandus
929 3929 1005 3996 (Μ
1022 3927 1046 3980 it
1062 3943 1151 3996 supra
1170 3927 1217 3994 ell)
1241 3927 1264 3981 0

116 4017 149 4067 12
172 4015 249 4068 nobis
273 4031 324 4069 om.
344 4016 374 4069 E
480 4018 531 4080 est,
553 4019 654 4070 ΜΠ
677 4015 767 4070 estG
877 4017 909 4069 15
933 4017 1092 4069 testamenti
1114 4016 1216 4071 ueteris
1233 4018 1264 4071 E

117 4105 149 4157 16
169 4103 252 4157 locuti
271 4109 336 4158 sunt
355 4105 509 4176 copioseG
602 4105 859 4175 17i2t21iustaE
933 4105 1026 4157 estin
1042 4105 1098 4171 fine
1115 4121 1143 4160 a.
1163 4121 1214 4159 om.
1233 4107 1260 4158 A

115 4191 149 4244 18
169 4193 345 4263 sacerdotem]
365 4192 546 4248 sacerdotium
568 4193 629 4248 Gm
706 4196 739 4249 19
759 4211 812 4248 nno
831 4195 858 4248 A
935 4193 967 4247 21
989 4193 1023 4246 ab
1042 4194 1072 4247 E
1142 4211 1210 4263 qnos
1228 4212 1261 4248 ex

114 4297 193 4345 corr,
206 4282 267 4351 fuit
287 4282 359 4353 quod
381 4282 416 4336 H
512 4285 547 4338 24
572 4283 725 4352 superbiam
749 4301 800 4337 om.
825 4283 852 4336 A
946 4283 981 4337 25
1004 4285 1178 4346 testamenta,
1201 4287 1261 4337 Μ

114 4385 184 4424 corr.
203 4371 362 4425 testamenti
380 4371 412 4426 Η
