3092 5217
469 543 735 612 epistularum
763 541 884 596 CXVIII.
1190 545 1254 611 695

107 735 203 800 etiarn
232 735 271 800 ab
303 734 382 818 ipsis
415 736 531 801 atomis
564 735 703 801 adfluaut
734 736 911 822 imagines?
945 737 973 803 si
1006 738 1158 816 adfluunt,
1192 757 1253 821 quo

106 842 202 908 modo
229 843 294 907 iarn
322 846 397 907 sunt
425 843 533 920 atomi,
567 861 586 907 a
613 842 728 926 quibus
757 844 863 926 aliqua
891 863 1021 928 corpora
1049 849 1253 929 separantur?

107 949 135 1013 si
162 968 225 1013 non
253 948 407 1027 adfluunt,
436 952 492 1014 arrt
518 953 626 1032 potest
653 951 775 1033 aliquid
802 950 869 1015 sine
892 951 1085 1034 imagInibus
1111 951 1253 1035 eogitari,

106 1057 194 1138 quod
220 1055 423 1120 uehementer
450 1057 572 1135 nolunt,
600 1060 656 1122 aut
683 1057 766 1122 unde
795 1061 911 1122 norunt
934 1061 1069 1137 atomos,
1094 1077 1172 1140 quas
1197 1077 1253 1122 neo

76 1183 89 1224 s
107 1163 248 1246 cogitare
271 1165 465 1245 potuemnt?
487 1163 544 1228 sed
565 1163 630 1228 iam
651 1163 753 1247 pudet
775 1183 825 1228 me
849 1165 912 1228 ista
929 1165 1082 1243 refellere,
1107 1183 1179 1229 oum
1199 1181 1253 1228 eos

106 1290 169 1334 non
192 1268 343 1351 puduerit
359 1269 422 1334 ista
440 1269 571 1346 sentire;
596 1288 668 1334 oum
687 1289 763 1334 uero
785 1271 853 1334 ausi
873 1277 946 1336 sunt
964 1272 1060 1336 etiam
1079 1270 1253 1347 defendere,

106 1395 170 1441 non
197 1376 262 1440 iarn
285 1394 394 1440 eorum
422 1376 479 1440 sed
506 1377 608 1459 Ipsius
636 1376 759 1460 generis
789 1377 918 1442 humani
948 1397 998 1442 me
1024 1377 1133 1460 pudet,
1162 1378 1253 1442 euius

106 1501 201 1547 aures
224 1483 302 1547 haeo
324 1482 404 1547 ferre
427 1486 608 1566 potuemnt.

7 1583 62 1647 ἱ’32
153 1588 233 1654 Cum
251 1589 352 1673 igitur
368 1591 459 1654 tanta
477 1590 520 1656 sit
538 1590 675 1654 caecitas
693 1590 849 1656 mentium
873 1610 929 1674 per
945 1591 1123 1676 ingluuiem
1145 1609 1254 1672 peooa·

63 1719 88 1759 ro
105 1698 214 1760 torum
237 1714 439 1778 amoremque
462 1695 574 1774 caruis,
598 1700 636 1762 ut
654 1697 748 1761 etiam
772 1697 836 1761 ista
859 1697 1086 1762 sententiarum
1109 1699 1254 1780 portenta

106 1801 173 1866 otia
200 1801 365 1867 doctorum
394 1807 552 1869 conterere
585 1803 776 1886 disputando
808 1803 980 1885 potuerint,
1013 1801 1174 1868 dubitabis
1207 1805 1253 1878 tu,

103 1908 271 1986 Diosoore,
294 1912 348 1974 uel
367 1910 535 1993 qnisquam
555 1910 703 1994 uigilanti
725 1910 853 1994 ingenio
871 1909 1033 1994 praeditus
1052 1909 1140 1974 nullo
1159 1909 1253 1972 modo

105 2015 145 2079 ad
175 2016 367 2097 sequendam
395 2017 562 2082 ueritatem
590 2016 706 2082 melius
734 2017 859 2082 oonsuli
890 2017 1034 2100 potuisse
1062 2015 1169 2101 generi
1197 2015 1254 2078 hu-

103 2140 211 2198 mano,
235 2141 329 2204 quam
356 2127 395 2188 ut
420 2123 515 2188 homo
539 2123 579 2188 ab
606 2123 677 2205 ipsa
700 2124 834 2188 ueritate
858 2127 1027 2205 susceptus
1054 2121 1255 2188 ineffabiliter

63 2255 87 2295 rs
106 2231 203 2310 atquo
231 2229 418 2294 mirabiliter
445 2233 477 2293 et
507 2229 610 2312 ipsius
641 2230 673 2293 in
705 2230 798 2294 terris
830 2249 996 2312 personam
1029 2247 1140 2313 gerens
1167 2232 1255 2292 reeta

106 2335 328 2418 praecipiendo
357 2341 390 2400 et
416 2335 525 2401 diuina
551 2335 695 2402 laniendo
728 2336 897 2401 salubriter·
925 2335 1009 2400 credi
1039 2335 1253 2418 persuaderet,

107 2443 195 2524 quod
220 2443 359 2507 nondum
392 2442 562 2526 prudenter
592 2447 703 2525 posset
728 2443 893 2526 intellegi?
921 2442 1016 2507 buius
1045 2460 1102 2506 nos
1135 2441 1253 2524 gloriae

107 2548 277 2624 senuimus,
312 2549 386 2613 huin
413 2552 445 2614 te
472 2549 668 2614 inrnobiliter
695 2553 790 2631 atque
819 2551 999 2614 constanter
1026 2548 1151 2612 erodere
1184 2547 1254 2610 hor-

106 2661 223 2734 tamur,
246 2675 303 2739 per
325 2675 419 2739 quem
442 2656 563 2721 laetum
586 2659 646 2732 est,
669 2661 789 2721 utnon
815 2655 908 2738 pauci
932 2653 988 2719 sed
1011 2654 1120 2738 populi
1146 2654 1252 2730 etiam,

62 2787 89 2829 ao
107 2763 162 2844 qui
191 2781 252 2826 non
281 2765 417 2846 possunt
442 2761 505 2826 ista
527 2760 701 2826 diiudicare
723 2761 853 2838 ratione,
881 2759 942 2824 lide
965 2758 1130 2838 iuridoant,
1155 2759 1254 2823 donee

106 2868 301 2934 salutaribus
334 2867 511 2952 praeceptis
543 2867 764 2932 adminiculati
792 2866 927 2930 euadant
954 2866 992 2930 ab
1020 2866 1070 2930 his
1102 2865 1254 2948 perplexi·

105 2975 228 3039 tatibus
247 2974 279 3039 in
299 2993 392 3038 auras
410 2973 600 3057 purissimae
620 2978 714 3057 atque
734 2974 966 3038 sincerissimae
985 2972 1141 3037 ueritatis.
1162 2971 1253 3037 ouius

106 3082 291 3147 auctoritati
308 3085 395 3147 tanto
415 3081 563 3147 deuotius
582 3081 792 3164 obtemperari
812 3084 946 3164 oportet,
966 3083 1082 3163 quanto
1105 3079 1252 3144 uidemus

105 3190 230 3254 nullum
253 3190 318 3272 iam
341 3207 476 3254 emonem
500 3207 535 3253 se
559 3188 673 3253 audere
696 3188 846 3253 extollere
870 3187 909 3250 ad
933 3186 1167 3271 congregandas
1192 3184 1252 3250 sibi

62 3319 87 3360 as
105 3297 217 3361 turbas
253 3296 470 3378 inperitorum,
507 3296 562 3378 qui
598 3314 659 3359 non
694 3293 866 3360 Chrisbani
902 3293 1038 3359 nominis
1075 3292 1254 3356 uelamenta

143 3467 311 3539 ladfluant]
331 3468 446 3522 affluent
463 3469 523 3522 MA
569 3469 673 3537 boine]
695 3468 718 3521 si
736 3485 791 3521 nou
809 3467 836 3522 A
881 3468 996 3536 dquas]
1016 3465 1124 3536 quosR
1169 3467 1252 3534 dpu-

103 3557 191 3611 tuerit
203 3557 242 3610 M
258 3557 362 3626 puduei
375 3556 412 3610 P¹
431 3557 594 3626 puduerunt,
607 3557 722 3626 punctis
740 3572 811 3611 corr.
830 3555 958 3626 puduerit
974 3555 998 3609 V
1072 3554 1128 3607 sint
1140 3553 1177 3607 Ρ1
1191 3552 1251 3606 edd.

99 3651 244 3715 praetera
280 3647 353 3700 erit
370 3662 420 3701 om.
435 3645 463 3698 P
516 3646 674 3700 illuuiemm
711 3646 745 3699 10
764 3647 948 3714 amortemque
968 3647 993 3710 (t
1011 3643 1122 3713 anle
1172 3657 1252 3696 soar·

103 3733 196 3789 nIsM
251 3735 305 3788 ista
323 3733 598 3801 om.,m.1udd.P¹
652 3733 837 3804 portendaM
872 3734 903 3787 11
920 3733 1048 3787 ooiurnP
1101 3734 1252 3785 conterrere

104 3823 184 3892 (med.
204 3840 218 3876 r
235 3827 301 3876 aa?
318 3823 389 3892 erp.)
406 3823 443 3877 Μ
512 3823 652 3892 potuerint
669 3823 723 3892 (int
740 3839 762 3876 a.
780 3838 809 3879 u.
828 3839 862 3876 m.
882 3827 914 3876 ut
931 3821 989 3875 uid.
1009 3825 1039 3888 2)
1059 3820 1086 3873 P
1144 3819 1252 3872 1211110

104 3912 176 3967 P¹V
191 3912 253 3967 edd.
268 3919 409 3981 praetem
455 3913 488 3967 13
507 3911 542 3966 ad
560 3911 724 3982 sequendam
742 3915 811 3965 m.2
828 3927 861 3965 ex
879 3910 1074 3980 assequendam
1087 3910 1114 3963 P
1159 3910 1193 3963 14
1210 3909 1252 3961 in-

104 4001 252 4056 effabibter
269 4005 410 4072 susceptus
428 4002 456 4056 R
511 4003 544 4056 15
564 4004 593 4055 et
610 4017 661 4055 om.
677 4000 704 4054 1?
759 4001 793 4053 16
811 3999 984 4071 percipiendo
1003 3998 1030 4051 V
1082 3999 1114 4052 l?
1133 3997 1255 4066 intelligi

104 4095 198 4161 posset
216 4090 244 4145 R
313 4091 347 4145 18
364 4093 519 4145 constantes
539 4092 566 4143 A
633 4091 667 4144 19
685 4089 733 4142 sed
751 4115 764 4141 α
780 4095 807 4156 (n
826 4087 932 4155 erasi)
950 4088 987 4142 M
1058 4087 1093 4142 20
1112 4085 1254 4140 diiudicari

103 4179 168 4234 MR
186 4183 263 4245 (m.2
281 4178 440 4249 diiudicare)
519 4180 653 4234 rationem
671 4178 699 4232 P
778 4177 890 4232 credant
907 4175 968 4231 edd.
1041 4177 1074 4230 21
1095 4175 1252 4229 amminicu-

104 4270 171 4322 latie
189 4267 295 4322 uadunt
314 4272 384 4335 (ml
403 4284 471 4322 corr.
491 4267 603 4336 uadunt)
625 4270 692 4322 aa?
710 4282 779 4323 corr.
797 4265 834 4319 M
856 4264 1059 4319 ammiuueulati
1079 4263 1198 4317 euadant
1214 4262 1252 4316 Pl

104 4360 139 4412 24
158 4373 215 4411 urse
234 4358 341 4426 (parua
359 4359 428 4422 ras.)
447 4355 485 4409 M
572 4355 701 4409 extollere
720 4355 763 4410 bia
780 4354 817 4432 P¹
919 4353 1105 4423 imperitorum
1125 4351 1177 4406 sibi
1195 4354 1252 4406 tnr-

103 4447 152 4500 ms
170 4446 200 4501 n
254 4446 288 4499 25
307 4445 436 4515 nominis]
455 4451 472 4498 r
490 4444 608 4498 nomina
626 4443 662 4498 nr
1016 4429 1026 4440 “
