3092 5217
503 538 767 608 epistularum
794 536 892 591 XLIII.
1225 541 1263 603 91

125 737 241 799 hecata
265 733 497 817 comprimeret,
522 733 549 798 si
574 733 706 820 diceret:
735 732 880 808 ‘Videtis
905 733 1028 808 fratres,
1052 734 1126 814 post
1148 735 1267 796 tanturn

127 848 260 924 stragem
291 840 524 923 persecutionis
555 839 773 904 misericordia
801 839 851 902 dei
879 859 896 903 a
923 838 1119 921 principibus
1149 838 1268 902 saeculi

128 967 228 1030 paoem
244 967 317 1012 esse
337 965 535 1022 concessam
555 965 615 1009 uon
637 946 789 1010 debemus
809 965 866 1010 nos
888 945 1057 1010 Christiani
1077 949 1110 1008 et
1128 945 1268 1027 episcopi

129 1055 276 1118 unitatem
312 1054 508 1137 disrumpere
541 1053 764 1130 Christianam,
799 1072 893 1134 quam
927 1053 988 1117 lam
1028 1071 1170 1135 paganus
1208 1070 1267 1115 non

105 1161 303 1244 sirsequitur
337 1161 496 1225 inimIcus.
533 1161 641 1242 itaque
678 1162 734 1225 aut
769 1160 849 1224 istas
887 1179 996 1224 omnes
1033 1143 1156 1235 causas,
1190 1177 1268 1241 quas

130 1267 225 1332 clades
256 1267 528 1332 turbulentissimi
557 1268 708 1350 temporis
739 1267 854 1331 inflixit
886 1267 1048 1335 ecelesiae.
1082 1265 1140 1329 deo
1173 1265 1269 1329 iudici

132 1374 324 1438 dimittamus
357 1378 421 1447 aut,
456 1374 484 1438 si
516 1374 615 1455 aliqui
642 1375 674 1438 in
702 1373 795 1439 uobis
825 1377 909 1449 sunt,
938 1373 993 1455 qui
1022 1375 1107 1436 certa
1133 1371 1269 1436 istorum

131 1482 256 1546 erimina
277 1483 322 1546 ite
346 1482 501 1557 uenerint,
526 1484 563 1545 ut-
585 1501 622 1545 ea
644 1481 737 1545 facile
761 1481 888 1570 ualeant
907 1481 1036 1544 edocere
1056 1482 1269 1563 negantesque
1318 1459 1320 1466 ¹

132 1589 321 1664 reminsem,
355 1591 387 1651 et
418 1588 538 1652 talibus
575 1587 807 1652 communicare
844 1587 1024 1662 formidant,
1062 1589 1195 1668 pergant
1231 1584 1270 1647 ad

100 1695 234 1760 rohatres
268 1698 302 1758 et
334 1695 473 1778 collegas
507 1697 632 1759 nostros
664 1695 945 1758 transmarinarum
974 1693 1178 1757 eeclesiarum
1207 1691 1270 1774 epi·
1362 1695 1365 1702 '

134 1819 237 1884 scopos
268 1805 302 1865 et
328 1802 373 1865 ibi
401 1801 489 1884 prius
518 1801 557 1864 de
580 1802 715 1865 istorum
738 1801 832 1866 factis
857 1803 889 1864 et
912 1799 1113 1864 contumacia
1137 1816 1271 1881 conque·

134 1912 241 1986 rantur,
282 1911 366 1992 quod
403 1909 443 1972 ad
480 1907 634 1972 iudicium
673 1909 867 1992 collegarum
903 1907 1049 1972 Afrorum
1086 1906 1169 1969 male
1211 1904 1272 1969 sibi

135 2017 244 2079 conscii
267 2015 375 2079 uenire
400 2014 578 2091 noluerunt,
603 2017 640 2079 ut
662 2014 735 2078 iude
758 2014 823 2078 illis
848 2013 1059 2088 denuntIetuu
1083 2015 1120 2074 ut
1143 2012 1273 2074 ueniant

136 2123 230 2204 ibique
261 2122 395 2187 obiectis
423 2121 643 2204 respondeant.
677 2121 762 2204 quod
791 2120 819 2184 si
846 2139 907 2184 non
935 2118 1075 2196 fecerint,
1104 2118 1149 2181 ibi
1178 2117 1272 2181 etiarn

103 2251 123 2289 u
137 2249 233 2293 corum
263 2229 404 2311 prauitas
435 2232 467 2291 et
489 2228 683 2310 peruersitas
706 2229 885 2291 innotescet
907 2226 1068 2307 missaque
1092 2223 1274 2288 tractatoria

137 2355 218 2418 super
248 2355 357 2400 eorum
384 2335 511 2399 nomine
538 2353 594 2417 per
621 2337 724 2398 totum
755 2333 862 2399 orbern
885 2337 1050 2409 terrarum,
1075 2347 1273 2413 quacumque

137 2443 190 2506 iam
211 2441 332 2508 Christi
355 2440 493 2505 ecclesia
516 2441 647 2506 dilatata
671 2444 730 2519 est,
755 2441 793 2504 ah
819 2439 964 2505 omnibus
994 2438 1136 2503 ecclesiis
1165 2455 1273 2502 eorum

139 2547 308 2612 commuuio
336 2547 545 2630 praecidetur,
573 2566 613 2610 ne
642 2547 758 2629 aliquis
783 2565 868 2610 orror
889 2547 921 2610 in
946 2544 1095 2610 cathedra
1118 2541 1271 2607 eeclesiae

139 2654 329 2738 Carthaginis
371 2655 499 2718 oriatur.
541 2658 613 2718 tum
646 2653 773 2718 demum
808 2653 911 2718 securi
947 2651 1131 2734 episcopum
1174 2649 1272 2714 alium

103 2761 213 2843 repleti
235 2761 437 2845 Carthaginis
461 2760 685 2837 ordinabimus,
710 2779 784 2824 euru
808 2761 912 2823 stota
931 2758 1066 2822 ecclesia
1083 2757 1138 2822 isti
1156 2757 1274 2821 fueriut

140 2869 274 2951 separati,
303 2887 342 2932 ue
369 2867 460 2945 forte,
490 2885 563 2931 curn
591 2867 672 2931 alius
700 2866 795 2930 modo
824 2865 920 2929 fuerit
948 2865 1120 2942 ordinatus,
1148 2882 1210 2928 uon
1244 2863 1273 2928 ei

140 2975 382 3040 communicetur
408 2976 447 3039 ab
476 2974 612 3038 ecclesia
637 2972 856 3049 transmarina,
886 2972 960 3054 quia
991 2973 1052 3036 iste
1085 2972 1123 3036 ab
1156 2971 1273 3034 honore

141 3080 294 3164 depositus
317 3101 379 3146 nou
403 3080 576 3151 uidebitur,
600 3098 694 3162 quern
717 3081 782 3144 iam
804 3079 979 3143 ordinatum
999 3079 1083 3141 lauru
1102 3075 1275 3142 celebrauit

141 3193 170 3251 et
197 3187 233 3251 ad
265 3206 337 3250 eum
368 3205 546 3251 commeare
579 3185 878 3250 communicatorias
911 3185 1034 3248 litteras
1062 3183 1149 3262 fecit,
1178 3187 1273 3265 atque

105 3315 127 3354 a
142 3293 182 3357 ita
212 3313 359 3377 magnum
397 3291 580 3357 scandalum
619 3291 802 3356 schismatis
839 3292 871 3356 iu
904 3291 1026 3354 unitate
1059 3288 1179 3355 Christi
1210 3291 1274 3354 iaru

142 3401 252 3481 pacatis
274 3400 471 3483 temporibus
496 3399 625 3470 oriatur,
645 3399 720 3462 dum
745 3417 951 3482 praepropere
975 3397 1125 3464 uolumus
1150 3401 1274 3460 nostras

141 3507 334 3589 praecipitare
362 3505 544 3583 sententias,
570 3509 602 3570 et
624 3523 684 3570 uon
714 3509 823 3570 contra
850 3504 1063 3570 Caecilianum
1089 3503 1144 3568 sed
1168 3509 1276 3568 contra

174 3731 294 3784 turones
312 3732 380 3785 istas
398 3731 427 3786 R
489 3731 607 3786 diudiei
628 3730 678 3784 deo
697 3732 734 3784 M
794 3731 927 3800 taliqui·
947 3729 976 3794 (d
996 3728 1078 3799 eras.)
1096 3728 1124 3781 P
1195 3729 1273 3784 circa.

143 3823 196 3871 ml
213 3835 278 3873 corr.
297 3821 410 3873 eertaA
468 3820 501 3873 10
520 3821 693 3874 eeclesiamm
712 3820 818 3875 omlis
887 3818 1111 3888 coepiscoposM
1165 3818 1194 3871 11
1213 3833 1275 3870 con·

144 3908 275 3976 quirentur
289 3909 353 3962 MA
443 3909 476 3962 13
495 3908 633 3962 noluerint
650 3907 680 3961 F
757 3911 790 3961 ut
807 3907 882 3976 inde]
904 3909 950 3960 aut
969 3905 1031 3959 inde
1050 3905 1157 3960 PRue
1176 3909 1223 3958 aut
1242 3903 1275 3957 de

145 3996 225 4049 IIFA
300 3998 394 4050 ueniat
412 3997 439 4049 A
509 3999 541 4051 14
559 3997 661 4052 luerint
679 3999 706 4051 A
776 3998 809 4050 15
827 3995 957 4049 tractoria
975 3995 1002 4048 P
1071 3996 1102 4048 16
1123 3995 1231 4048 nomina
1249 3996 1277 4047 A

146 4087 306 4140 lldilatam
398 4087 498 4140 laneo
518 4088 543 4139 A
629 4085 774 4141 cathedrae
793 4087 829 4139 M
845 4086 972 4140 cathedre
991 4083 1021 4140 F
1109 4085 1142 4139 19
1161 4089 1225 4138 tuuc
1243 4085 1280 4139 M

145 4175 368 4230 marcinannus
387 4176 414 4229 A
486 4181 545 4230 toto
560 4178 586 4231 A
659 4177 761 4230 fuerint
781 4176 801 4242 (i
820 4191 876 4230 rae.
897 4191 929 4228 ecc
947 4177 974 4242 u)
991 4173 1021 4228 F
1070 4173 1103 4228 21
1125 4174 1193 4237 aliie,
1213 4190 1246 4227 m.
1265 4179 1278 4226 1

146 4281 208 4317 corr.
231 4264 296 4318 alius
318 4268 345 4319 A
434 4267 470 4319 24
492 4282 561 4339 earn,
584 4270 645 4319 ιιι]
667 4282 735 4320 corr.
760 4279 821 4318 cunr
844 4265 872 4319 R
979 4263 1220 4316 communicatores
1243 4261 1281 4316 M

147 4356 178 4407 26
194 4355 303 4424 placatis
319 4356 347 4411 R
424 4371 597 4427 praepopere,
616 4372 684 4410 corr.
703 4359 764 4411 m.1
782 4370 959 4425 praepropere
978 4353 1005 4406 P
1021 4369 1195 4423 praeponere,
1212 4357 1279 4406 rra2

148 4461 311 4515 praepropere
328 4447 363 4500 M
434 4451 540 4500 nostrae
559 4447 681 4500 uolumus
700 4447 761 4500 edd.
