3092 5217
279 464 322 528 88
629 459 656 516 S.
684 459 823 513 Aureli
852 445 1070 529 Augustini

278 660 353 738 post
373 654 457 738 apud
480 654 644 720 Arelatum
666 657 875 720 memoratum
897 655 1125 739 imperatorem
1144 657 1273 721 eandem
1294 676 1421 721 causam

280 763 464 847 diligentius
493 761 728 826 examinandam
755 762 1046 845 terminandamque
1075 781 1212 841 curasse,
1240 764 1314 828 illos
1346 781 1421 828 nero

279 868 317 932 ab
347 868 565 933 ecclesiastico
592 867 710 932 iudicio
739 871 941 951 prouocasse,
970 871 1006 933 ut
1034 887 1162 933 causam
1195 869 1422 935 Constantinus

279 977 411 1042 audiret.
437 995 499 1058 quo
518 980 629 1058 postea
648 995 742 1058 quam
760 980 892 1039 uentum
914 979 972 1052 est,
993 979 1125 1058 utraque
1143 980 1231 1059 parte
1250 975 1422 1040 adsistente

278 1085 477 1148 innocentem
502 1081 715 1147 Caecilianum
733 1083 832 1146 fuisse
851 1081 1027 1146 indicatum
1047 1085 1141 1165 atque
1158 1083 1232 1147 illos
1250 1083 1424 1148 recessisse
1452 1107 1465 1143 s

279 1193 444 1272 superatos
474 1193 506 1254 et
533 1191 564 1253 in
592 1189 702 1252 eadem
729 1192 836 1253 tamen
864 1189 1071 1272 peruersitate
1100 1190 1264 1254 mansisse.
1298 1208 1356 1254 nec
1386 1189 1423 1254 de

278 1295 394 1360 Felicis
425 1295 636 1380 Aptungitani
669 1315 764 1359 causa
794 1296 1029 1380 neglegentiam
1057 1299 1271 1371 consecutam,
1300 1296 1356 1362 sed
1385 1297 1424 1360 ad

278 1403 420 1467 eiusdem
462 1403 613 1486 principis
654 1402 828 1466 iussionem
869 1403 1146 1485 proconsulau'bus
1189 1405 1290 1488 gestis
1327 1405 1423 1468 etiam

276 1511 383 1592 ipsum
406 1509 506 1574 fuisse
528 1513 710 1592 purgatum.

233 1625 254 1688 5
324 1615 386 1682 Sed
416 1617 489 1699 quia
516 1617 593 1680 haec
622 1616 727 1681 onmia
755 1615 938 1681 dicebamus
967 1620 1101 1695 tantum,
1130 1637 1191 1682 non
1220 1617 1467 1702 etiamlege·1o

278 1725 401 1797 bamus,
434 1724 538 1786 minus
571 1723 712 1806 profecto
749 1721 843 1786 nobis
882 1742 974 1806 agere
1009 1724 1205 1803 uidebamur,
1247 1744 1343 1806 quam
1386 1725 1425 1790 de

277 1834 386 1896 nostra
409 1829 623 1912 expectabatis
647 1828 806 1894 instantia.
832 1829 914 1911 quod
939 1830 996 1908 nbi
1018 1831 1188 1910 sensimus,
1212 1831 1251 1895 ad
1274 1851 1321 1908 ea,
1342 1851 1425 1914 quae

277 1937 412 2022 legenda
438 1935 697 2019 promiseramus,
726 1953 786 1999 non
815 1935 998 2000 distulimus
1027 1937 1165 2002 mittere.
1199 1958 1277 2021 quas
1306 1939 1424 2015 omnia,

277 2043 353 2107 dum
382 2043 575 2106 excurrimus
604 2041 644 2105 ad
672 2041 839 2106 ecclesiam
869 2041 1078 2108 Gelizitanam
1106 2044 1177 2108 inde
1206 2046 1246 2108 ad
1277 2048 1423 2109 uestrum

277 2148 429 2232 oppidum
460 2147 628 2223 reuersuri,
661 2146 751 2211 bidui
784 2168 844 2213 nou
876 2148 962 2230 pleni
998 2149 1229 2214 intermissione
1266 2153 1470 2215 ueneruutrs

277 2258 381 2337 atque,
410 2257 448 2318 ut
475 2254 586 2330 nostis,
615 2260 768 2336 quantum
797 2259 924 2336 tempus
953 2255 1092 2332 admisit,
1121 2275 1182 2320 uno
1212 2257 1261 2320 die
1289 2257 1426 2322 recitata

277 2364 354 2426 suut
379 2361 486 2426 uobis:
516 2361 616 2444 primo
645 2361 701 2425 nbi
729 2361 895 2426 Secundus
920 2362 1115 2448 Tigisitanus
1139 2365 1302 2429 confessos
1326 2364 1426 2428 tradi-

275 2471 362 2533 tores
391 2488 409 2532 a
436 2468 570 2551 collegio
599 2487 658 2533 suo
686 2487 848 2550 remouere
880 2489 940 2534 nou
974 2489 1072 2534 ausus
1104 2471 1164 2546 est,
1198 2490 1270 2536 cnm
1303 2470 1425 2553 quibus

275 2579 387 2658 postea
409 2594 471 2639 non
495 2575 675 2639 confessum
699 2579 732 2640 et
754 2577 919 2640 absentem
943 2574 1157 2642 Caecilianum
1181 2577 1325 2659 aliosque
1345 2597 1425 2644 suos

276 2682 416 2766 collegas
445 2681 591 2746 damnare
619 2700 717 2749 ausus
746 2685 805 2761 est,
834 2682 945 2747 deiude
974 2686 1065 2767 gesta
1092 2684 1338 2766 proconsularia,
1367 2686 1426 2750 ubi
1444 2711 1472 2749 ao

274 2788 363 2852 Felix
387 2788 633 2873 diligentissimo
657 2789 798 2853 examine
821 2791 972 2872 probatus
996 2794 1046 2855 est
1068 2791 1227 2856 innocens.
1251 2791 1329 2858 haec
1349 2797 1426 2858 ante

274 2895 438 2960 meridiem
466 2895 559 2961 uobis
586 2897 671 2960 lecta
703 2916 773 2962 esse
805 2899 1009 2974 meministis3
1043 2903 1116 2981 post
1148 2899 1312 2964 meridiem
1345 2919 1426 2964 uero

274 3003 479 3068 recitauimus
511 3023 622 3085 preces
654 3022 762 3068 eorum
797 3003 836 3067 ad
870 3003 1115 3070 Constantinum
1142 3005 1287 3088 datisque
1316 3005 1355 3070 ab
1387 3025 1426 3072 eo

274 3109 433 3173 iudicibus
461 3115 553 3192 gesta
580 3110 799 3175 ecclesiastica
825 3110 857 3174 in
885 3112 1026 3177 Romana
1052 3111 1129 3176 urbe
1157 3111 1275 3188 habita,
1304 3111 1426 3194 quibus

275 3216 323 3279 illi
351 3216 510 3299 inprobati
544 3221 627 3295 sunt,
662 3216 861 3283 Caecilianus
894 3221 1000 3284 autem
1033 3218 1064 3282 in
1099 3219 1271 3301 episcopali
1303 3218 1428 3284 honore
1447 3243 1476 3281 ss

275 3321 428 3399 firmatus,
466 3326 626 3406 postremo
665 3322 865 3388 Constantini
900 3325 1100 3408 imperatoris
1137 3325 1270 3400 litteras,
1304 3325 1427 3407 quibus

275 3427 381 3493 omnia
402 3430 504 3493 multo
528 3430 662 3494 maxime
686 3430 897 3494 testatissima
921 3433 1110 3496 claruerunt.

184 3540 264 3606 1116
320 3535 404 3616 Quid
431 3536 532 3600 uultis
561 3537 710 3619 amplius,
739 3537 906 3602 homiues?
936 3536 1011 3619 quid
1038 3537 1140 3601 uultis
1168 3536 1327 3620 amplius?
1360 3556 1428 3601 uon

274 3643 313 3708 de
337 3661 412 3708 auro
437 3646 470 3707 et
493 3646 623 3727 argento
646 3646 753 3709 uestro
778 3644 896 3727 agitium
921 3663 982 3708 non
1007 3646 1099 3720 terra,
1123 3663 1183 3708 non
1201 3643 1340 3725 praedia,
1360 3663 1428 3708 non

311 3834 483 3888 larelatum
509 3832 581 3903 apud
602 3833 715 3900 punctis
739 3849 809 3887 corr.
833 3833 871 3888 M
975 3833 1165 3902 imperatorem
1190 3835 1370 3887 memoratum
1391 3835 1432 3889 Μ
1538 3841 1539 3854 ³

274 3923 291 3975 2
310 3921 568 3991 examinandumque
587 3923 649 3989 (om.
669 3922 880 3990 terminandam)
896 3923 922 3975 A
996 3937 1102 3975 curesse
1116 3921 1147 3974 F
1198 3923 1214 3976 3
1233 3923 1432 3978 constantinus
1538 3921 1539 4000 1

273 4026 381 4063 causam
400 4011 428 4066 R
518 4011 644 4065 dtamen
664 4028 715 4065 om.
733 4014 761 4065 A
848 4011 962 4065 llilicis
980 4010 1011 4064 F
1081 4010 1263 4064 autumnitani
1281 4010 1360 4066 codd.
1383 4029 1432 4067 ac
1538 4003 1539 4096 1

275 4099 308 4152 12
327 4098 545 4166 quod—mittere
564 4115 614 4155 om.
630 4100 658 4154 R
709 4101 743 4155 14
762 4099 837 4168 dum]
857 4099 925 4153 duco
940 4099 1029 4153 MFA
1085 4100 1117 4154 15
1137 4097 1246 4168 opidum
1266 4097 1296 4169 (d
1314 4099 1347 4152 ira
1364 4116 1429 4154 ras.

255 4182 306 4240 ‘aa
318 4192 343 4252 1)
364 4187 400 4239 M
491 4187 702 4248 intermissione,
720 4205 790 4243 corr.
809 4192 871 4245 nai
889 4188 1084 4242 intermissioni
1102 4187 1140 4240 M
1155 4186 1353 4240 intermissioni
1366 4187 1430 4242 Fa
1538 4221 1539 4244 l

275 4277 307 4330 16
327 4276 507 4340 amisit‚m.2
525 4277 681 4330 adrnisitP
735 4279 767 4331 18
787 4278 813 4346 a]
835 4293 866 4332 ac
884 4278 911 4331 A
965 4277 1000 4331 25
1020 4273 1234 4347 episcopaliaF
1281 4276 1315 4329 27
1335 4275 1431 4330 multo
1538 4287 1539 4328 1

274 4365 555 4430 om.‚m.1add.M
623 4367 828 4420 tectissimaM
1538 4373 1539 4386 ¹
