3092 5217
473 486 740 556 epistularum
768 485 890 543 CXVIII.
1190 491 1254 555 683

110 699 238 764 corpore
265 700 421 764 nusquam
450 681 657 757 discederent,
686 701 757 746 cum
792 681 846 746 alii
880 682 994 746 atomis
1023 683 1079 747 alii
1107 686 1256 764 quattuor

108 788 282 865 elementis,
316 787 347 852 in
381 787 497 870 quibus
530 787 570 852 ad
604 787 769 852 allicienda
799 789 903 852 omnia
935 789 1017 872 ignis
1049 790 1255 872 praeualeret,

106 896 260 979 principia
287 916 391 961 rerum
417 896 537 974 darent,
561 897 632 977 quis
662 915 722 960 non
747 895 873 962 uideret
896 897 1068 961 stultorum
1097 896 1255 961 abundan-

105 1003 183 1068 tiam
203 1002 325 1086 corpori
345 1001 494 1076 deditam,
519 1021 591 1067 cunr
614 1003 831 1086 incorpoream
855 1003 1028 1085 potentiam
1049 1003 1253 1069 conditricem

77 1129 207 1174 ererum
228 1129 428 1193 nequaquam
446 1111 568 1176 ualeret
585 1110 711 1187 intueri,
735 1111 767 1174 in
788 1129 921 1193 quorum
940 1110 1047 1192 potius
1068 1110 1254 1196 suffragium

105 1220 286 1300 raperetur?

34 1316 64 1376 19
146 1323 302 1389 Restabat
333 1343 405 1407 pars
433 1323 637 1388 rationalium
664 1323 897 1404 quaestionum.
931 1324 1016 1389 nosti
1045 1324 1139 1402 enim,
1168 1323 1254 1406 quic-

105 1430 180 1514 quid
203 1437 331 1512 propter
354 1429 590 1512 adipiscendam
614 1429 801 1512 sapientiam
822 1431 993 1511 quaeritur,
1018 1433 1074 1494 aut
1097 1432 1135 1494 de
1159 1430 1253 1494 mori-

103 1537 162 1600 bus
192 1541 249 1601 ant
277 1536 314 1601 de
342 1539 455 1601 natura
482 1540 538 1601 ant
566 1536 603 1600 de
631 1536 753 1601 ratione
780 1537 896 1602 habere
925 1537 1152 1620 quaestionem.
1181 1555 1252 1600 cunr

65 1661 86 1698 1⁰
103 1662 174 1727 ergo
201 1643 349 1725 Epicurei
376 1662 549 1725 numquam
579 1662 692 1708 sensus
716 1643 856 1724 corporis
884 1643 953 1707 falli
977 1643 1127 1720 dicerent,
1153 1640 1252 1707 Stoici

102 1753 209 1814 autern
229 1750 297 1814 falli
317 1749 484 1832 aliquando
500 1749 717 1825 concederent,
737 1749 865 1831 utrique
884 1753 990 1814 tamen
1010 1749 1152 1833 regulam
1169 1767 1252 1812 com-

100 1855 339 1938 prehendendae
367 1856 514 1920 ueritatis
537 1855 570 1919 in
595 1855 742 1920 sensibus
766 1858 927 1937 ponerent,
953 1855 1024 1937 quis
1048 1855 1120 1920 istis
1144 1857 1253 1920 contra

101 1962 280 2027 dicentibus
305 1960 430 2026 audiret
451 1961 656 2027 Platonicos?
685 1961 758 2044 quis
786 1981 847 2026 non
875 1962 969 2026 modo
997 1962 1030 2025 in
1060 1961 1250 2044 sapientium

100 2069 155 2133 sed
178 2067 307 2134 omnino
331 2069 363 2134 in
391 2069 556 2136 hominurn
579 2087 710 2133 numero
738 2067 898 2132 habendos
923 2071 1060 2152 putaret,
1090 2069 1118 2132 si
1141 2069 1179 2132 ab
1205 2069 1250 2132 eis

61 2193 82 2231 1⁵
99 2179 245 2258 prompto
269 2175 426 2241 diceretur
452 2195 514 2240 non
543 2175 649 2240 solum
672 2194 742 2239 esse
771 2174 902 2256 aliquid,
928 2175 1013 2256 quod
1036 2194 1138 2256 neque
1162 2176 1249 2239 tactu

99 2281 241 2364 corporis
274 2300 375 2363 neque
407 2280 526 2344 olfactu
562 2281 616 2345 uel
647 2284 786 2363 ¹gustatu
818 2299 921 2362 neque
953 2281 1003 2345 his
1038 2279 1167 2345 auribus
1196 2284 1251 2344 aut

99 2387 199 2453 oculis
232 2387 350 2470 percipi
382 2387 486 2469 possit
517 2406 619 2468 neque
648 2387 773 2451 omnino
803 2389 915 2452 talium
948 2407 1063 2464 rerum,
1093 2405 1172 2468 quae
1205 2386 1251 2450 ita

98 2494 300 2571 sentirentur,
321 2493 426 2575 aliqua
439 2492 665 2576 imaginatione
682 2493 825 2577 cogitari,
846 2493 901 2558 sed
916 2493 948 2556 id
968 2494 1071 2558 solum
1087 2512 1161 2556 uere
1177 2511 1247 2556 esse

96 2605 190 2683 atque
214 2600 248 2664 id
271 2601 376 2664 solnm
398 2619 493 2682 posse
512 2600 641 2683 percipi,
662 2601 736 2682 quia
754 2599 1014 2666 incommutabile
1033 2603 1066 2664 et
1084 2598 1247 2682 sempiter-

58 2728 81 2767 ro
99 2728 172 2772 num
193 2710 254 2785 est,
272 2706 393 2790 percipi
412 2711 519 2770 autem
539 2707 607 2771 sola
625 2707 854 2791 intellegentia,
876 2727 937 2791 qua
956 2725 1018 2772 nna
1037 2707 1165 2784 uentae,
1186 2723 1246 2787 quo

95 2815 187 2879 modo
212 2813 335 2898 adtingi
357 2815 474 2896 potest,
499 2813 693 2896 adtingitur?

23 2922 55 2985 20
139 2920 221 2986 Cum
255 2939 330 3003 ergo
362 2919 440 2984 talia
473 2919 627 2985 sentirent
653 2919 821 3000 Platonici,
855 2940 935 3002 quae
967 2939 1069 3003 neque
1098 2919 1247 2984 docerent

96 3028 179 3091 carni
214 3025 340 3091 deditos
371 3025 516 3091 homines
549 3045 650 3108 neque
681 3029 770 3091 tanta
803 3031 909 3092 essent
941 3027 1130 3092 auctoritate
1163 3024 1246 3106 apud

95 3134 243 3217 populos,
275 3135 313 3197 ut
340 3132 494 3198 credenda
525 3133 760 3214 persuaderent,
794 3134 891 3200 donec
924 3133 963 3198 ad
995 3154 1068 3198 eum
1100 3133 1245 3196 habitum

55 3258 76 3296 2⁵
94 3239 320 3320 perduceretur
348 3241 482 3317 animus,
507 3257 569 3320 quo
597 3239 661 3303 ista
689 3238 866 3323 capiuntur,
896 3240 1058 3323 elegerunt
1086 3238 1245 3304 occultare

95 3346 287 3411 sententiam
320 3365 411 3410 suam
440 3347 473 3409 et
501 3348 609 3410 contra
638 3365 692 3410 eos
721 3346 885 3423 disserere,
916 3347 970 3429 qui
997 3364 1109 3410 uemrn
1138 3362 1173 3407 se
1199 3343 1246 3406 in-

94 3453 222 3517 uenisse
247 3452 410 3530 iactarent,
435 3471 508 3517 cnm
535 3451 752 3516 inuentionem
775 3453 878 3535 ipsam
901 3452 970 3516 ueri
992 3453 1023 3517 in
1049 3451 1150 3516 carnis
1175 3469 1244 3514 sen·

94 3559 183 3624 sibus
224 3561 385 3642 ponerent.
423 3562 456 3623 et
494 3577 603 3623 eornm
641 3559 768 3641 quidem
803 3561 972 3624 consilium
1010 3559 1102 3643 quale
1139 3556 1244 3630 fucrit,

94 3665 170 3748 quid
194 3665 318 3730 adtinet
336 3669 507 3748 quaerere?
534 3666 677 3731 diuinum
696 3670 781 3732 certe
805 3667 859 3730 uel
877 3667 985 3731 diuina
1008 3666 1114 3749 aliqua
1136 3666 1245 3728 aucto-

129 3868 301 3924 ldiscerent
318 3869 381 3924 MA
449 3871 630 3925 3stnltornm
650 3870 845 3926 abundantiam
864 3888 914 3926 om.
934 3874 961 3925 A
1033 3871 1191 3926 tdebitam
1209 3870 1247 3926 Μ

94 3959 109 4011 9
127 3959 316 4027 quaestionem
335 3958 435 4014 habere
454 3959 514 4013 edd.
589 3961 620 4013 11
641 3959 788 4030 aliquando
808 3959 867 4014 salli
886 3961 913 4012 R
982 3961 1016 4015 13
1034 3961 1154 4024 auderet,
1174 3975 1243 4014 corr.

92 4053 151 4100 m.1
168 4046 279 4100 audiret
296 4047 325 4100 P
412 4049 439 4101 in
459 4049 635 4118 sapientium]
656 4049 843 4119 insipientium
861 4049 965 4103 MP¹V
1053 4051 1087 4104 16
1107 4049 1208 4103 olfatu*
1224 4048 1244 4114 (i

94 4134 174 4204 eras.)
199 4135 228 4187 V
313 4136 358 4190 uel
377 4141 459 4205 gustu
478 4137 536 4190 PV
550 4154 638 4206 neque
657 4144 740 4207 gustu
757 4138 786 4192 R
878 4139 910 4192 18
929 4137 957 4192 id
975 4139 1007 4192 in
1020 4139 1080 4208 fine
1098 4155 1126 4192 u,
1146 4136 1244 4191 om.1d

127 4239 222 4276 uerum
236 4223 291 4278 PR
345 4226 379 4279 19
399 4226 469 4295 qnia,
488 4229 554 4279 aad
571 4242 640 4280 corr.
658 4226 717 4280 uid.
739 4226 861 4296 quodPl
882 4227 953 4297 quod
972 4227 1000 4280 V
1050 4228 1085 4281 20
1104 4226 1168 4296 quia
1181 4224 1244 4279 MA

95 4313 114 4374 (i
130 4314 278 4380 aeruiruaa)
293 4313 321 4368 R
366 4315 401 4368 22
420 4317 541 4382 sentiret,
561 4331 630 4370 corr.
650 4322 709 4370 m.1
723 4319 857 4370 sentirent
871 4317 907 4371 M
950 4318 985 4372 24
1003 4315 1182 4387 possiderent,
1195 4313 1245 4368 aed

95 4402 129 4454 ssi
148 4418 219 4456 erae.
239 4404 265 4454 A
338 4404 373 4458 25
393 4403 533 4473 elegerent
549 4405 630 4475 (aiot)
650 4405 677 4458 A
745 4407 780 4461 26
800 4406 924 4470 sentiam,
944 4410 1009 4460 m.2
1027 4405 1191 4460 sententiam
1209 4402 1246 4456 Μ
