3092 5217
282 468 345 531 592
635 468 661 521 S.
689 467 827 521 Aureli
855 469 1073 537 Augustini
1533 542 1534 549 ἵ

256 679 377 742 ¹quam
401 660 529 741 quidem
556 665 593 725 tu
622 681 657 725 ex
681 662 879 743 quorundam
907 662 1170 746 philosophorum
1194 663 1342 747 opinione
1371 682 1429 726 non

282 766 442 831 diuersam
464 768 561 845 uiam,
586 786 665 850 quae
688 772 793 833 tamen
819 769 916 835 ducat
938 770 977 833 ad
996 772 1166 835 caelestem
1190 770 1430 845 habitationem,

282 873 339 938 ssd
360 875 453 957 plane
472 894 664 957 peruersam,
688 896 768 959 quae
788 877 877 942 ducit
896 878 934 942 ad
956 877 1265 961 perniciosissimum
1285 896 1430 951 errorem,
1533 930 1534 967 5

281 999 343 1045 non
366 1000 422 1063 pro
445 985 499 1045 tuo
525 1000 622 1046 sensu
646 982 701 1047 sod
723 1003 780 1066 pro
805 1002 901 1048 causa
925 984 1045 1049 ciuium
1068 988 1196 1049 tuorum
1219 983 1432 1049 adhibendam

282 1088 413 1169 putasti,
437 1090 475 1152 ut
498 1088 544 1152 sio
572 1088 777 1171 ignoscamus
811 1090 867 1165 eis,
892 1109 1025 1172 quorum
1060 1090 1272 1155 saeuientium
1303 1090 1432 1175 ignibus
1460 1115 1472 1153 s
1533 1116 1534 1129 ¹

282 1194 361 1259 arsit
378 1193 522 1272 ecclesia,
547 1196 701 1277 quemad
723 1195 853 1261 modum
876 1197 1123 1281 ignosceremus,
1149 1197 1176 1261 si
1195 1198 1233 1261 ab
1254 1197 1301 1261 eis
1326 1196 1431 1277 aliquo

281 1300 439 1383 petulanti
463 1301 608 1365 conuicio
633 1304 861 1384 appeteremur.

232 1408 272 1469 14
328 1406 392 1472 Sed
415 1426 510 1490 quem
537 1406 578 1471 ad
606 1408 735 1472 modum
765 1409 797 1471 id
826 1410 1028 1487 adstnueris,
1051 1410 1141 1475 uide:
1165 1410 1216 1474 ‘nt
1241 1410 1279 1487 si,
1304 1418 1343 1473 ut
1366 1409 1433 1491 qui·

283 1514 439 1592 busdam‘,
462 1513 579 1595 inquis,
604 1515 811 1598 ‘philosophis
831 1518 948 1599 placet,
969 1518 1073 1581 omnia
1091 1522 1221 1601 peccata
1238 1517 1329 1599 paria
1348 1520 1432 1590 sunt,
1533 1502 1534 1507 ἵ

282 1620 482 1703 indulgentia
505 1621 653 1685 omnibus
679 1621 773 1687 debet
796 1642 866 1687 esse
890 1624 1089 1689 eommunis'.
1115 1622 1227 1687 deinde
1248 1643 1323 1687 oum
1344 1626 1436 1705 quasi
1453 1652 1474 1687 m
1533 1710 1534 1715 ἵ

283 1727 405 1791 moliris
443 1727 608 1791 ostendere
645 1729 751 1793 omnia
787 1730 873 1812 paria
911 1748 981 1795 esse
1016 1734 1156 1813 peccata,
1194 1729 1367 1813 subiungis
1404 1733 1436 1793 et
1533 1730 1534 1795 ζ

284 1833 378 1899 dicis:
406 1834 619 1899 ‘Petulantius
641 1835 770 1899 locutus
795 1838 845 1899 est
868 1836 994 1919 aliquis,
1022 1836 1180 1918 peccauit;
1210 1836 1358 1900 conuicia
1381 1840 1436 1909 eut
1533 1850 1534 1901 ξ

285 1941 415 2005 crimina
436 1940 582 2025 ingessit,
611 1959 710 2022 aeque
734 1942 900 2025 peccauit'.
933 1943 1076 2007 huonon
1102 1942 1286 2006 est‘dooere
1311 1941 1370 2005 sed
1392 1942 1435 2022 id,
1533 1936 1534 2017 ξ

285 2046 369 2129 quod
395 2066 543 2129 peruerse
571 2047 716 2123 sentitur,
746 2047 813 2112 sine
840 2048 908 2112 ulla
931 2048 1192 2113 documentorum
1216 2047 1435 2113 adstructions
1533 2060 1534 2137 1

283 2172 467 2237 proponere.
503 2152 543 2217 ad
580 2153 641 2219 hoe
674 2154 767 2231 enim,
807 2154 891 2236 quod
925 2154 1004 2219 dicis
1037 2162 1145 2236 ‘aeque
1177 2156 1349 2237 peccauit‘,
1375 2156 1435 2221 cito
1453 2186 1472 2219 e

284 2260 505 2343 respondetur:
530 2278 591 2324 nou
616 2279 714 2342 aeque
737 2260 894 2343 peccauit.
924 2260 1022 2345 erigis
1046 2260 1203 2337 fortassis,
1227 2264 1266 2325 ut
1287 2262 1435 2343 probem:

284 2365 360 2450 quid
380 2367 464 2431 enim
486 2371 534 2444 tu,
559 2366 643 2448 quod
667 2384 767 2448 aeque
790 2368 980 2450 peccauerit,
1004 2368 1067 2431 iam
1091 2368 1255 2449 probasti?
1279 2386 1320 2432 an
1344 2368 1435 2445 illud,

284 2474 370 2557 quod
400 2474 517 2556 iungis,
551 2472 743 2537 audiendum
771 2476 834 2539 est:
864 2474 987 2538 ‘Aliena
1015 2474 1149 2557 quisque
1178 2473 1323 2558 diripuit,
1356 2474 1436 2539 inter

285 2580 400 2645 delicta
418 2583 632 2644 numeratur?
655 2580 707 2645 hic
726 2580 822 2645 etiam
842 2583 878 2644 tu
902 2581 971 2663 ipse
990 2580 1224 2645 uerecundatus
1244 2564 1293 2655 θὲς
1320 2580 1436 2661 puduit

286 2688 368 2752 enim
395 2690 428 2751 te
457 2686 571 2765 dicere,
601 2686 685 2769 quod
712 2686 861 2770 peccauit
888 2686 1071 2768 aequaliter,
1101 2686 1157 2751 sed
1180 2686 1273 2751 ‘inter
1296 2687 1434 2764 delicta‘,
1452 2716 1473 2751 n

284 2794 401 2875 inquis,
433 2796 648 2857 ‘numeretur’.
681 2811 742 2857 non
775 2797 881 2858 autem
913 2794 959 2858 ibi
992 2793 1135 2875 quaestio
1170 2796 1230 2871 est,
1263 2796 1374 2858 utrum
1406 2796 1436 2857 et
1533 2876 1534 2879 Ἴ

285 2900 346 2964 hoe
382 2900 465 2963 inter
502 2899 619 2963 delicta
658 2904 850 2977 numeretur,
893 2898 948 2964 sed
988 2903 1096 2964 utrum
1134 2899 1195 2964 hoe
1231 2899 1280 2963 illi
1320 2899 1434 2965 delicto
1533 2948 1534 2951 η

286 3005 478 3086 aequalitate
518 3006 679 3090 iungatur,
722 3008 787 3081 aut,
830 3006 858 3069 si
898 3009 1065 3089 propterea
1106 3009 1181 3070 sunt
1220 3006 1320 3088 paria,
1364 3008 1436 3087 quia
1533 2998 1534 3009 ’

287 3118 421 3195 utraque
449 3112 565 3177 delicta
597 3116 682 3189 sunt,
715 3131 822 3175 mures
853 3116 884 3176 et
913 3112 1072 3194 elephanti
1104 3130 1196 3193 pares
1227 3116 1331 3189 erunt,
1364 3114 1435 3195 quia

286 3225 421 3302 utraque
449 3224 525 3284 sunt
553 3219 710 3297 animalia,
734 3238 864 3283 muscae
893 3221 925 3283 et
953 3218 1086 3301 aquilae,
1117 3218 1190 3300 quia
1219 3222 1357 3301 utraque
1383 3240 1435 3285 uo·
1452 3248 1475 3289 rs

286 3326 396 3391 latilia.

237 3442 277 3504 15
331 3434 444 3499 Adhuc
477 3433 573 3498 otiam
604 3431 805 3517 progrederis
838 3436 871 3497 et
898 3432 1072 3497 coniectas:
1101 3433 1196 3496 ‘Loca
1226 3432 1360 3514 profana
1389 3452 1435 3496 sa·
1533 3492 1534 3495 ,

289 3560 382 3606 orauo
405 3540 551 3617 uiolauit,
579 3560 641 3605 non
666 3544 717 3604 est
739 3540 778 3605 ab
802 3540 1001 3623 indulgentia
1024 3538 1258 3603 secernendus'
1286 3538 1341 3603 hio
1366 3558 1435 3603 sane

289 3648 328 3713 de
351 3648 482 3712 uiolatis
511 3648 609 3712 sacris
632 3647 713 3712 locis
737 3647 777 3711 ad
804 3645 926 3711 facinus
951 3650 1079 3711 tuorum
1103 3645 1222 3709 ciuium
1250 3646 1435 3727 peruenisti,

288 3774 400 3821 uerum
436 3753 589 3819 locutioni
625 3754 783 3837 petulanti
815 3772 874 3818 neo
905 3756 942 3817 tu
974 3754 1044 3835 ipse
1077 3752 1274 3834 coaequasti:
1313 3754 1434 3815 tantum
1452 3782 1474 3819 n
1533 3748 1534 3753 ’

289 3862 383 3927 modo
403 3862 448 3926 eis
471 3861 580 3944 petisti
599 3861 843 3945 indulgentiam,
868 3878 948 3942 quae
966 3863 1052 3924 recte
1074 3858 1231 3943 petitura
1250 3857 1435 3922 Christianis

289 3972 417 4053 propter
453 3967 664 4032 abundantem
701 3967 938 4031 miserationem
973 3984 1033 4030 non
1070 3966 1200 4047 propter
1236 3967 1433 4047 peccatorum

379 4160 479 4225 8-10;
501 4159 619 4224 12-13;
640 4159 758 4223 18-19;
780 4156 886 4211 27-28
906 4180 939 4201 =
959 4174 985 4225 p.
1006 4155 1068 4223 580,
1082 4154 1214 4217 23-581‚
1234 4154 1266 4220 3;
1287 4155 1347 4219 591,
1366 4154 1400 4208 26

329 4284 361 4337 18
381 4284 505 4353 quisque]
523 4300 551 4351 p.
574 4286 672 4344 581,1
691 4283 833 4351 quisquam
905 4281 937 4333 19
956 4280 1040 4333 etiem
1060 4279 1112 4333 iam
1132 4284 1162 4332 tu
1180 4278 1274 4333 Ulsr
1339 4278 1432 4331 2712-

292 4390 388 4441 craque
412 4372 530 4439 Verum
548 4371 582 4439 ef.
597 4389 627 4440 p.
651 4374 712 4438 581,
732 4375 751 4425 2
831 4368 865 4424 30
884 4370 987 4438 uerum]
1008 4384 1101 4421 uerum
1120 4368 1171 4421 hoc
1191 4366 1386 4431 (nociores.)
1410 4363 1436 4417 U
1533 4414 1534 4417 ,
