<?xml version="1.0" encoding="UTF-8"?>
<!DOCTYPE html PUBLIC "-//W3C//DTD XHTML 1.0 Transitional//EN"
    "http://www.w3.org/TR/xhtml1/DTD/xhtml1-transitional.dtd">
<html xmlns="http://www.w3.org/1999/xhtml" xml:lang="en" lang="en">
 <head>
  <title>
</title>
<meta http-equiv="Content-Type" content="text/html;charset=utf-8" />
  <meta name='ocr-system' content='tesseract 3.04.00' />
  <meta name='ocr-capabilities' content='ocr_page ocr_carea ocr_par ocr_line ocrx_word'/>
</head>
<body>
  <div class='ocr_page' id='page_1' title='image "./corpusscriptoru06wissgoog_0515.png"; bbox 0 0 3092 5217; ppageno 0'>
   <div class='ocr_carea' id='block_1_1' title="bbox 407 510 923 581">
    <p class='ocr_par' dir='ltr' id='par_1_1' title="bbox 407 510 923 581">
     <span class='ocr_line' id='line_1_1' title="bbox 407 510 923 581; baseline 0 -15"><span class='ocrx_word' id='word_1_1' title='bbox 407 512 674 581; x_wconf 79' lang='lat' dir='ltr'><strong>epistularum</strong></span> <span class='ocrx_word' id='word_1_2' title='bbox 701 510 800 568; x_wconf 77' lang='lat' dir='ltr'><strong>xciii.</strong></span> <span class='ocrx_word' id='word_1_3' title='bbox 829 511 923 568; x_wconf 82' lang='lat' dir='ltr'>XCIV.</span> 
     </span>
    </p>
   </div>
   <div class='ocr_carea' id='block_1_2' title="bbox 613 707 727 774">
    <p class='ocr_par' dir='ltr' id='par_1_2' title="bbox 613 707 727 774">
     <span class='ocr_line' id='line_1_2' title="bbox 613 707 727 774; baseline 0 -2"><span class='ocrx_word' id='word_1_4' title='bbox 613 707 727 774; x_wconf 78' lang='lat' dir='ltr'><strong>xciv.</strong></span> 
     </span>
    </p>
   </div>
   <div class='ocr_carea' id='block_1_3' title="bbox 106 846 1246 1086">
    <p class='ocr_par' dir='ltr' id='par_1_3' title="bbox 106 846 1246 1086">
     <span class='ocr_line' id='line_1_3' title="bbox 149 846 1196 904; baseline 0.001 -2"><span class='ocrx_word' id='word_1_5' title='bbox 149 846 287 902; x_wconf 75' lang='lat' dir='ltr'>SANCTO</span> <span class='ocrx_word' id='word_1_6' title='bbox 307 846 444 902; x_wconf 84' lang='lat' dir='ltr'>DOMINI</span> <span class='ocrx_word' id='word_1_7' title='bbox 462 847 679 902; x_wconf 73' lang='lat' dir='ltr'>BEATISSIMO</span> <span class='ocrx_word' id='word_1_8' title='bbox 698 847 743 902; x_wconf 79' lang='lat' dir='ltr'><strong>ET</strong></span> <span class='ocrx_word' id='word_1_9' title='bbox 765 847 875 902; x_wconf 65' lang='lat' dir='ltr'><strong>unice</strong></span> <span class='ocrx_word' id='word_1_10' title='bbox 893 847 1003 903; x_wconf 87' lang='lat' dir='ltr'>NOBIS</span> <span class='ocrx_word' id='word_1_11' title='bbox 1023 849 1196 904; x_wconf 81' lang='lat' dir='ltr'>UNANIMO</span> 
     </span>
     <span class='ocr_line' id='line_1_4' title="bbox 106 935 1246 994; baseline 0.001 -2"><span class='ocrx_word' id='word_1_12' title='bbox 106 935 147 992; x_wconf 71' lang='lat' dir='ltr'><strong>AG</strong></span> <span class='ocrx_word' id='word_1_13' title='bbox 163 937 386 992; x_wconf 70' lang='lat' dir='ltr'><strong>venustetur</strong></span> <span class='ocrx_word' id='word_1_14' title='bbox 408 937 454 992; x_wconf 83' lang='grc' dir='ltr'><strong>ΕΤ</strong></span> <span class='ocrx_word' id='word_1_15' title='bbox 478 936 737 992; x_wconf 70' lang='lat' dir='ltr'><strong>numunianum</strong></span> <span class='ocrx_word' id='word_1_16' title='bbox 759 937 870 991; x_wconf 77' lang='lat' dir='ltr'><strong>PATRI</strong></span> <span class='ocrx_word' id='word_1_17' title='bbox 897 937 1030 992; x_wconf 74' lang='lat' dir='ltr'><strong>FRATRI</strong></span> <span class='ocrx_word' id='word_1_18' title='bbox 1057 937 1246 994; x_wconf 76' lang='lat' dir='ltr'><strong>unelsuno</strong></span> 
     </span>
     <span class='ocr_line' id='line_1_5' title="bbox 106 1024 1246 1086; baseline 0.004 -5"><span class='ocrx_word' id='word_1_19' title='bbox 106 1024 306 1081; x_wconf 74' lang='lat' dir='ltr'>AUGUSTINO</span> <span class='ocrx_word' id='word_1_20' title='bbox 330 1025 507 1082; x_wconf 79' lang='lat' dir='ltr'><strong>EPISCOPO</strong></span> <span class='ocrx_word' id='word_1_21' title='bbox 530 1027 711 1082; x_wconf 78' lang='lat' dir='ltr'>PAULINUS</span> <span class='ocrx_word' id='word_1_22' title='bbox 735 1026 780 1080; x_wconf 87' lang='grc' dir='ltr'><strong>ΕΤ</strong></span> <span class='ocrx_word' id='word_1_23' title='bbox 805 1025 984 1082; x_wconf 68' lang='lat' dir='ltr'><strong>rutulam</strong></span> <span class='ocrx_word' id='word_1_24' title='bbox 1001 1025 1246 1086; x_wconf 69' lang='lat' dir='ltr'><strong>peculiosus,</strong></span> 
     </span>
    </p>
   </div>
   <div class='ocr_carea' id='block_1_4' title="bbox 43 1151 1254 2728">
    <p class='ocr_par' dir='ltr' id='par_1_4' title="bbox 43 1151 1253 1664">
     <span class='ocr_line' id='line_1_6' title="bbox 43 1151 1248 1237; baseline -0.002 -17"><span class='ocrx_word' id='word_1_25' title='bbox 43 1159 54 1220; x_wconf 96' lang='lat' dir='ltr'><strong>l</strong></span> <span class='ocrx_word' id='word_1_26' title='bbox 82 1175 93 1214; x_wconf 79' lang='lat' dir='ltr'><strong>s</strong></span> <span class='ocrx_word' id='word_1_27' title='bbox 146 1153 325 1217; x_wconf 77' lang='lat' dir='ltr'>Lucerna</span> <span class='ocrx_word' id='word_1_28' title='bbox 358 1172 483 1236; x_wconf 83' lang='lat' dir='ltr'><strong>semper</strong></span> <span class='ocrx_word' id='word_1_29' title='bbox 510 1157 559 1218; x_wconf 89' lang='lat' dir='ltr'><strong>est</strong></span> <span class='ocrx_word' id='word_1_30' title='bbox 591 1152 766 1237; x_wconf 91' lang='lat' dir='ltr'><strong>pedibus</strong></span> <span class='ocrx_word' id='word_1_31' title='bbox 799 1151 900 1218; x_wconf 89' lang='lat' dir='ltr'><strong>meis</strong></span> <span class='ocrx_word' id='word_1_32' title='bbox 932 1154 1100 1217; x_wconf 89' lang='lat' dir='ltr'><strong>uerbum</strong></span> <span class='ocrx_word' id='word_1_33' title='bbox 1132 1157 1248 1219; x_wconf 91' lang='lat' dir='ltr'><strong>tuum</strong></span> 
     </span>
     <span class='ocr_line' id='line_1_7' title="bbox 108 1259 1248 1342; baseline 0.002 -20"><span class='ocrx_word' id='word_1_34' title='bbox 108 1261 142 1322; x_wconf 90' lang='lat' dir='ltr'><strong>et</strong></span> <span class='ocrx_word' id='word_1_35' title='bbox 178 1259 314 1324; x_wconf 88' lang='lat' dir='ltr'><strong>lumen</strong></span> <span class='ocrx_word' id='word_1_36' title='bbox 357 1260 518 1324; x_wconf 88' lang='lat' dir='ltr'><strong>semitis</strong></span> <span class='ocrx_word' id='word_1_37' title='bbox 561 1259 670 1324; x_wconf 90' lang='lat' dir='ltr'><strong>meis.</strong></span> <span class='ocrx_word' id='word_1_38' title='bbox 712 1260 759 1324; x_wconf 86' lang='lat' dir='ltr'><strong>ita</strong></span> <span class='ocrx_word' id='word_1_39' title='bbox 796 1259 1082 1342; x_wconf 74' lang='lat' dir='ltr'>quotienscumque</span> <span class='ocrx_word' id='word_1_40' title='bbox 1123 1261 1248 1324; x_wconf 86' lang='lat' dir='ltr'><strong>litteras</strong></span> 
     </span>
     <span class='ocr_line' id='line_1_8' title="bbox 109 1365 1249 1450; baseline 0.003 -22"><span class='ocrx_word' id='word_1_41' title='bbox 109 1365 304 1430; x_wconf 78' lang='lat' dir='ltr'><strong>beatissimae</strong></span> <span class='ocrx_word' id='word_1_42' title='bbox 328 1366 507 1430; x_wconf 86' lang='lat' dir='ltr'><strong>sanctitatis</strong></span> <span class='ocrx_word' id='word_1_43' title='bbox 526 1369 600 1430; x_wconf 87' lang='lat' dir='ltr'><strong>tuae</strong></span> <span class='ocrx_word' id='word_1_44' title='bbox 620 1366 751 1448; x_wconf 79' lang='lat' dir='ltr'><strong>accipio,</strong></span> <span class='ocrx_word' id='word_1_45' title='bbox 775 1366 920 1430; x_wconf 84' lang='lat' dir='ltr'><strong>tenebras</strong></span> <span class='ocrx_word' id='word_1_46' title='bbox 939 1365 1139 1450; x_wconf 81' lang='lat' dir='ltr'><strong>insipientiae</strong></span> <span class='ocrx_word' id='word_1_47' title='bbox 1159 1386 1249 1431; x_wconf 90' lang='lat' dir='ltr'><strong>meae</strong></span> 
     </span>
     <span class='ocr_line' id='line_1_9' title="bbox 109 1471 1250 1556; baseline 0.002 -20"><span class='ocrx_word' id='word_1_48' title='bbox 109 1471 218 1536; x_wconf 87' lang='lat' dir='ltr'><strong>discuti</strong></span> <span class='ocrx_word' id='word_1_49' title='bbox 257 1473 358 1538; x_wconf 91' lang='lat' dir='ltr'><strong>sentio</strong></span> <span class='ocrx_word' id='word_1_50' title='bbox 392 1475 424 1538; x_wconf 91' lang='lat' dir='ltr'><strong>et</strong></span> <span class='ocrx_word' id='word_1_51' title='bbox 457 1473 547 1556; x_wconf 88' lang='lat' dir='ltr'><strong>quasi</strong></span> <span class='ocrx_word' id='word_1_52' title='bbox 586 1473 716 1556; x_wconf 85' lang='lat' dir='ltr'><strong>collyrio</strong></span> <span class='ocrx_word' id='word_1_53' title='bbox 751 1472 973 1538; x_wconf 82' lang='lat' dir='ltr'><strong>declarationis</strong></span> <span class='ocrx_word' id='word_1_54' title='bbox 1009 1473 1114 1538; x_wconf 85' lang='lat' dir='ltr'><strong>inluso</strong></span> <span class='ocrx_word' id='word_1_55' title='bbox 1148 1475 1250 1539; x_wconf 88' lang='lat' dir='ltr'><strong>oculis</strong></span> 
     </span>
     <span class='ocr_line' id='line_1_10' title="bbox 109 1579 1253 1664; baseline 0.003 -23"><span class='ocrx_word' id='word_1_56' title='bbox 109 1579 217 1643; x_wconf 88' lang='lat' dir='ltr'><strong>mentis</strong></span> <span class='ocrx_word' id='word_1_57' title='bbox 254 1597 343 1643; x_wconf 89' lang='lat' dir='ltr'><strong>meae</strong></span> <span class='ocrx_word' id='word_1_58' title='bbox 384 1579 495 1662; x_wconf 91' lang='lat' dir='ltr'><strong>purius</strong></span> <span class='ocrx_word' id='word_1_59' title='bbox 535 1579 629 1645; x_wconf 90' lang='lat' dir='ltr'><strong>uideo</strong></span> <span class='ocrx_word' id='word_1_60' title='bbox 671 1579 868 1664; x_wconf 85' lang='lat' dir='ltr'><strong>ignorantiae</strong></span> <span class='ocrx_word' id='word_1_61' title='bbox 909 1583 1002 1644; x_wconf 89' lang='lat' dir='ltr'><strong>nocte</strong></span> <span class='ocrx_word' id='word_1_62' title='bbox 1044 1580 1178 1663; x_wconf 88' lang='lat' dir='ltr'><strong>depulsa</strong></span> <span class='ocrx_word' id='word_1_63' title='bbox 1218 1582 1253 1644; x_wconf 92' lang='lat' dir='ltr'><strong>et</strong></span> 
     </span>
    </p>

    <p class='ocr_par' dir='ltr' id='par_1_5' title="bbox 75 1685 1254 2728">
     <span class='ocr_line' id='line_1_11' title="bbox 75 1685 1253 1771; baseline 0.003 -23"><span class='ocrx_word' id='word_1_64' title='bbox 75 1685 238 1769; x_wconf 73' lang='lat' dir='ltr'><strong>rocmigine</strong></span> <span class='ocrx_word' id='word_1_65' title='bbox 276 1685 483 1751; x_wconf 84' lang='lat' dir='ltr'><strong>dubitationis</strong></span> <span class='ocrx_word' id='word_1_66' title='bbox 522 1688 675 1752; x_wconf 85' lang='lat' dir='ltr'><strong>abstersa.</strong></span> <span class='ocrx_word' id='word_1_67' title='bbox 717 1687 802 1769; x_wconf 91' lang='lat' dir='ltr'><strong>quod</strong></span> <span class='ocrx_word' id='word_1_68' title='bbox 841 1705 914 1751; x_wconf 92' lang='lat' dir='ltr'><strong>cum</strong></span> <span class='ocrx_word' id='word_1_69' title='bbox 951 1706 1045 1771; x_wconf 86' lang='lat' dir='ltr'><strong>saepe</strong></span> <span class='ocrx_word' id='word_1_70' title='bbox 1082 1687 1159 1751; x_wconf 88' lang='lat' dir='ltr'><strong>alias</strong></span> <span class='ocrx_word' id='word_1_71' title='bbox 1195 1705 1253 1769; x_wconf 90' lang='lat' dir='ltr'><strong>per</strong></span> 
     </span>
     <span class='ocr_line' id='line_1_12' title="bbox 109 1792 1251 1875; baseline 0.004 -21"><span class='ocrx_word' id='word_1_72' title='bbox 109 1809 232 1856; x_wconf 88' lang='lat' dir='ltr'><strong>munera</strong></span> <span class='ocrx_word' id='word_1_73' title='bbox 264 1792 472 1875; x_wconf 84' lang='lat' dir='ltr'><strong>epistularum</strong></span> <span class='ocrx_word' id='word_1_74' title='bbox 509 1797 636 1857; x_wconf 84' lang='lat' dir='ltr'><strong>tuarum</strong></span> <span class='ocrx_word' id='word_1_75' title='bbox 675 1794 753 1857; x_wconf 93' lang='lat' dir='ltr'><strong>mihi</strong></span> <span class='ocrx_word' id='word_1_76' title='bbox 792 1794 943 1859; x_wconf 90' lang='lat' dir='ltr'><strong>donatum</strong></span> <span class='ocrx_word' id='word_1_77' title='bbox 981 1795 1144 1871; x_wconf 87' lang='lat' dir='ltr'><strong>senserim,</strong></span> <span class='ocrx_word' id='word_1_78' title='bbox 1180 1796 1251 1858; x_wconf 92' lang='lat' dir='ltr'><strong>tum</strong></span> 
     </span>
     <span class='ocr_line' id='line_1_13' title="bbox 109 1899 1251 1981; baseline 0.002 -20"><span class='ocrx_word' id='word_1_79' title='bbox 109 1899 270 1981; x_wconf 88' lang='lat' dir='ltr'><strong>praecipue</strong></span> <span class='ocrx_word' id='word_1_80' title='bbox 302 1899 366 1965; x_wconf 90' lang='lat' dir='ltr'><strong>isto</strong></span> <span class='ocrx_word' id='word_1_81' title='bbox 395 1901 570 1966; x_wconf 88' lang='lat' dir='ltr'><strong>recentium</strong></span> <span class='ocrx_word' id='word_1_82' title='bbox 598 1900 777 1966; x_wconf 88' lang='lat' dir='ltr'><strong>litterarum</strong></span> <span class='ocrx_word' id='word_1_83' title='bbox 805 1901 926 1980; x_wconf 86' lang='lat' dir='ltr'><strong>libello,</strong></span> <span class='ocrx_word' id='word_1_84' title='bbox 960 1901 1051 1966; x_wconf 87' lang='lat' dir='ltr'><strong>cuiue</strong></span> <span class='ocrx_word' id='word_1_85' title='bbox 1079 1899 1158 1964; x_wconf 93' lang='lat' dir='ltr'><strong>mihi</strong></span> <span class='ocrx_word' id='word_1_86' title='bbox 1185 1901 1251 1964; x_wconf 90' lang='lat' dir='ltr'><strong>tam</strong></span> 
     </span>
     <span class='ocr_line' id='line_1_14' title="bbox 110 2005 1254 2090; baseline 0.002 -23"><span class='ocrx_word' id='word_1_87' title='bbox 110 2007 211 2087; x_wconf 79' lang='lat' dir='ltr'><strong>gratum</strong></span> <span class='ocrx_word' id='word_1_88' title='bbox 232 2023 326 2088; x_wconf 87' lang='lat' dir='ltr'><strong>quam</strong></span> <span class='ocrx_word' id='word_1_89' title='bbox 350 2005 467 2090; x_wconf 86' lang='lat' dir='ltr'><strong>dignus</strong></span> <span class='ocrx_word' id='word_1_90' title='bbox 489 2008 624 2088; x_wconf 87' lang='lat' dir='ltr'><strong>portitor</strong></span> <span class='ocrx_word' id='word_1_91' title='bbox 647 2007 710 2072; x_wconf 88' lang='lat' dir='ltr'><strong>luit</strong></span> <span class='ocrx_word' id='word_1_92' title='bbox 732 2007 784 2071; x_wconf 91' lang='lat' dir='ltr'><strong>uir</strong></span> <span class='ocrx_word' id='word_1_93' title='bbox 805 2007 990 2072; x_wconf 89' lang='lat' dir='ltr'><strong>benedictus</strong></span> <span class='ocrx_word' id='word_1_94' title='bbox 1016 2005 1135 2070; x_wconf 91' lang='lat' dir='ltr'><strong>domini</strong></span> <span class='ocrx_word' id='word_1_95' title='bbox 1157 2005 1254 2070; x_wconf 84' lang='lat' dir='ltr'><strong>irater</strong></span> 
     </span>
     <span class='ocr_line' id='line_1_15' title="bbox 110 2108 1254 2198; baseline 0.003 -25"><span class='ocrx_word' id='word_1_96' title='bbox 110 2115 209 2174; x_wconf 89' lang='lat' dir='ltr'><strong>noster</strong></span> <span class='ocrx_word' id='word_1_97' title='bbox 237 2108 375 2190; x_wconf 84' lang='lat' dir='ltr'><strong>Quintus</strong></span> <span class='ocrx_word' id='word_1_98' title='bbox 400 2113 561 2193; x_wconf 86' lang='lat' dir='ltr'><strong>diaconus,</strong></span> <span class='ocrx_word' id='word_1_99' title='bbox 595 2115 649 2197; x_wconf 89' lang='lat' dir='ltr'><strong>qui</strong></span> <span class='ocrx_word' id='word_1_100' title='bbox 681 2115 777 2198; x_wconf 85' lang='lat' dir='ltr'><strong>longo</strong></span> <span class='ocrx_word' id='word_1_101' title='bbox 806 2114 945 2197; x_wconf 86' lang='lat' dir='ltr'><strong>quidem,</strong></span> <span class='ocrx_word' id='word_1_102' title='bbox 977 2117 1185 2196; x_wconf 88' lang='lat' dir='ltr'><strong>posteaquam</strong></span> <span class='ocrx_word' id='word_1_103' title='bbox 1213 2112 1254 2177; x_wconf 92' lang='lat' dir='ltr'><strong>ad</strong></span> 
     </span>
     <span class='ocr_line' id='line_1_16' title="bbox 76 2217 1252 2298; baseline 0.003 -18"><span class='ocrx_word' id='word_1_104' title='bbox 76 2217 213 2282; x_wconf 81' lang='lat' dir='ltr'><strong>aurbum</strong></span> <span class='ocrx_word' id='word_1_105' title='bbox 244 2222 384 2298; x_wconf 83' lang='lat' dir='ltr'><strong>uenerat,</strong></span> <span class='ocrx_word' id='word_1_106' title='bbox 417 2221 595 2298; x_wconf 87' lang='lat' dir='ltr'><strong>interuallo,</strong></span> <span class='ocrx_word' id='word_1_107' title='bbox 630 2240 702 2286; x_wconf 91' lang='lat' dir='ltr'><strong>cum</strong></span> <span class='ocrx_word' id='word_1_108' title='bbox 736 2240 773 2286; x_wconf 92' lang='lat' dir='ltr'><strong>eo</strong></span> <span class='ocrx_word' id='word_1_109' title='bbox 806 2221 893 2284; x_wconf 82' lang='lat' dir='ltr'><strong>iuxta</strong></span> <span class='ocrx_word' id='word_1_110' title='bbox 925 2221 1112 2285; x_wconf 87' lang='lat' dir='ltr'><strong>sollemnem</strong></span> <span class='ocrx_word' id='word_1_111' title='bbox 1144 2239 1252 2284; x_wconf 90' lang='lat' dir='ltr'><strong>meum</strong></span> 
     </span>
     <span class='ocr_line' id='line_1_17' title="bbox 111 2327 1253 2411; baseline 0.002 -24"><span class='ocrx_word' id='word_1_112' title='bbox 111 2344 222 2390; x_wconf 89' lang='lat' dir='ltr'><strong>morem</strong></span> <span class='ocrx_word' id='word_1_113' title='bbox 260 2329 334 2408; x_wconf 89' lang='lat' dir='ltr'><strong>post</strong></span> <span class='ocrx_word' id='word_1_114' title='bbox 370 2327 487 2409; x_wconf 87' lang='lat' dir='ltr'><strong>pascha</strong></span> <span class='ocrx_word' id='word_1_115' title='bbox 519 2327 637 2392; x_wconf 91' lang='lat' dir='ltr'><strong>domini</strong></span> <span class='ocrx_word' id='word_1_116' title='bbox 674 2348 729 2411; x_wconf 91' lang='lat' dir='ltr'><strong>pro</strong></span> <span class='ocrx_word' id='word_1_117' title='bbox 763 2327 982 2410; x_wconf 88' lang='lat' dir='ltr'><strong>apostolorum</strong></span> <span class='ocrx_word' id='word_1_118' title='bbox 1015 2329 1047 2391; x_wconf 89' lang='lat' dir='ltr'><strong>et</strong></span> <span class='ocrx_word' id='word_1_119' title='bbox 1078 2329 1253 2410; x_wconf 87' lang='lat' dir='ltr'><strong>martyrum</strong></span> 
     </span>
     <span class='ocr_line' id='line_1_18' title="bbox 110 2431 1253 2510; baseline 0.002 -17"><span class='ocrx_word' id='word_1_120' title='bbox 110 2431 304 2496; x_wconf 88' lang='lat' dir='ltr'><strong>ueneratione</strong></span> <span class='ocrx_word' id='word_1_121' title='bbox 336 2431 507 2510; x_wconf 85' lang='lat' dir='ltr'><strong>uenissem,</strong></span> <span class='ocrx_word' id='word_1_122' title='bbox 531 2432 784 2497; x_wconf 81' lang='lat' dir='ltr'><strong>benedictionem</strong></span> <span class='ocrx_word' id='word_1_123' title='bbox 812 2432 875 2497; x_wconf 87' lang='lat' dir='ltr'><strong>oris</strong></span> <span class='ocrx_word' id='word_1_124' title='bbox 908 2433 956 2496; x_wconf 91' lang='lat' dir='ltr'><strong>tui</strong></span> <span class='ocrx_word' id='word_1_125' title='bbox 989 2431 1128 2495; x_wconf 87' lang='lat' dir='ltr'><strong>reddidit</strong></span> <span class='ocrx_word' id='word_1_126' title='bbox 1149 2431 1253 2496; x_wconf 92' lang='lat' dir='ltr'><strong>nobis.</strong></span> 
     </span>
     <span class='ocr_line' id='line_1_19' title="bbox 111 2537 1253 2621; baseline 0 -21"><span class='ocrx_word' id='word_1_127' title='bbox 111 2555 213 2602; x_wconf 90' lang='lat' dir='ltr'><strong>uerum</strong></span> <span class='ocrx_word' id='word_1_128' title='bbox 237 2541 344 2602; x_wconf 90' lang='lat' dir='ltr'><strong>tamen</strong></span> <span class='ocrx_word' id='word_1_129' title='bbox 369 2538 561 2616; x_wconf 86' lang='lat' dir='ltr'><strong>oblitterato,</strong></span> <span class='ocrx_word' id='word_1_130' title='bbox 583 2538 665 2621; x_wconf 92' lang='lat' dir='ltr'><strong>quod</strong></span> <span class='ocrx_word' id='word_1_131' title='bbox 690 2539 850 2603; x_wconf 85' lang='lat' dir='ltr'><strong>nesciente</strong></span> <span class='ocrx_word' id='word_1_132' title='bbox 874 2557 925 2602; x_wconf 89' lang='lat' dir='ltr'><strong>me</strong></span> <span class='ocrx_word' id='word_1_133' title='bbox 944 2537 1062 2602; x_wconf 88' lang='lat' dir='ltr'><strong>Romae</strong></span> <span class='ocrx_word' id='word_1_134' title='bbox 1086 2556 1253 2618; x_wconf 89' lang='lat' dir='ltr'><strong>consump-</strong></span> 
     </span>
     <span class='ocr_line' id='line_1_20' title="bbox 112 2644 1254 2728; baseline -0.002 -20"><span class='ocrx_word' id='word_1_135' title='bbox 112 2649 199 2723; x_wconf 89' lang='lat' dir='ltr'><strong>serat,</strong></span> <span class='ocrx_word' id='word_1_136' title='bbox 222 2647 364 2728; x_wconf 87' lang='lat' dir='ltr'><strong>tempore</strong></span> <span class='ocrx_word' id='word_1_137' title='bbox 388 2644 626 2710; x_wconf 85' lang='lat' dir='ltr'><strong>recentissimus</strong></span> <span class='ocrx_word' id='word_1_138' title='bbox 649 2646 729 2709; x_wconf 92' lang='lat' dir='ltr'><strong>mihi</strong></span> <span class='ocrx_word' id='word_1_139' title='bbox 754 2644 844 2708; x_wconf 91' lang='lat' dir='ltr'><strong>uisus</strong></span> <span class='ocrx_word' id='word_1_140' title='bbox 868 2648 919 2708; x_wconf 87' lang='lat' dir='ltr'><strong>est</strong></span> <span class='ocrx_word' id='word_1_141' title='bbox 946 2647 1159 2725; x_wconf 89' lang='lat' dir='ltr'><strong>aconspectu</strong></span> <span class='ocrx_word' id='word_1_142' title='bbox 1185 2647 1254 2721; x_wconf 88' lang='lat' dir='ltr'><strong>tuo,</strong></span> 
     </span>
    </p>
   </div>
   <div class='ocr_carea' id='block_1_5' title="bbox 196 2868 703 2940">
    <p class='ocr_par' dir='ltr' id='par_1_6' title="bbox 196 2868 703 2940">
     <span class='ocr_line' id='line_1_21' title="bbox 196 2868 703 2940; baseline -0.006 -15"><span class='ocrx_word' id='word_1_143' title='bbox 196 2873 212 2926; x_wconf 89' lang='grc'><strong>5</strong></span> <span class='ocrx_word' id='word_1_144' title='bbox 230 2870 274 2925; x_wconf 91' lang='lat' dir='ltr'><strong>Ps.</strong></span> <span class='ocrx_word' id='word_1_145' title='bbox 296 2870 357 2935; x_wconf 87' lang='lat'>118,</span> <span class='ocrx_word' id='word_1_146' title='bbox 378 2869 428 2925; x_wconf 88' lang='lat'><strong>105</strong></span> <span class='ocrx_word' id='word_1_147' title='bbox 483 2869 500 2924; x_wconf 87' lang='grc'>8</span> <span class='ocrx_word' id='word_1_148' title='bbox 519 2871 602 2940; x_wconf 83' lang='lat' dir='ltr'><strong>Apoc.</strong></span> <span class='ocrx_word' id='word_1_149' title='bbox 623 2869 648 2932; x_wconf 80' lang='lat'><strong>8,</strong></span> <span class='ocrx_word' id='word_1_150' title='bbox 669 2868 703 2923; x_wconf 91' lang='lat'><strong>18</strong></span> 
     </span>
    </p>
   </div>
   <div class='ocr_carea' id='block_1_6' title="bbox 118 3027 1257 3808">
    <p class='ocr_par' dir='ltr' id='par_1_7' title="bbox 118 3027 1257 3808">
     <span class='ocr_line' id='line_1_22' title="bbox 212 3027 1254 3096; baseline -0.003 -13"><span class='ocrx_word' id='word_1_151' title='bbox 212 3030 240 3083; x_wconf 92' lang='lat' dir='ltr'><strong><em>P</em></strong></span> <span class='ocrx_word' id='word_1_152' title='bbox 263 3053 299 3077; x_wconf 91' lang='lat'>=</span> <span class='ocrx_word' id='word_1_153' title='bbox 319 3031 377 3084; x_wconf 84' lang='lat' dir='ltr'><strong>cod.</strong></span> <span class='ocrx_word' id='word_1_154' title='bbox 397 3030 547 3084; x_wconf 76' lang='lat' dir='ltr'><strong>Parisinus</strong></span> <span class='ocrx_word' id='word_1_155' title='bbox 563 3033 652 3083; x_wconf 89' lang='grc'><strong><em>11641</em></strong></span> <span class='ocrx_word' id='word_1_156' title='bbox 669 3045 690 3084; x_wconf 85' lang='lat' dir='ltr'><strong>e.</strong></span> <span class='ocrx_word' id='word_1_157' title='bbox 711 3027 756 3082; x_wconf 85' lang='lat' dir='ltr'><strong>VI</strong></span> <span class='ocrx_word' id='word_1_158' title='bbox 755 3048 766 3095; x_wconf 91' lang='lat'><strong>‚·</strong></span> <span class='ocrx_word' id='word_1_159' title='bbox 785 3028 857 3084; x_wconf 83' lang='lat' dir='ltr'><strong>deest</strong></span> <span class='ocrx_word' id='word_1_160' title='bbox 874 3029 942 3096; x_wconf 66' lang='lat' dir='ltr'><strong>tinia</strong></span> <span class='ocrx_word' id='word_1_161' title='bbox 955 3029 1090 3096; x_wconf 73' lang='lat' dir='ltr'><strong>epistulae</strong></span> <span class='ocrx_word' id='word_1_162' title='bbox 1104 3045 1123 3082; x_wconf 86' lang='lat' dir='ltr'><strong>a</strong></span> <span class='ocrx_word' id='word_1_163' title='bbox 1135 3045 1166 3096; x_wconf 81' lang='lat' dir='ltr'><strong>p.</strong></span> <span class='ocrx_word' id='word_1_164' title='bbox 1186 3029 1254 3090; x_wconf 91' lang='grc'><strong><em>505,</em></strong></span> 
     </span>
     <span class='ocr_line' id='line_1_23' title="bbox 320 3118 541 3172; baseline 0 0"><span class='ocrx_word' id='word_1_165' title='bbox 320 3122 356 3172; x_wconf 87' lang='grc'><strong><em>15</em></strong></span> <span class='ocrx_word' id='word_1_166' title='bbox 375 3120 457 3172; x_wconf 86' lang='lat' dir='ltr'><strong>etiam</strong></span> <span class='ocrx_word' id='word_1_167' title='bbox 476 3118 541 3172; x_wconf 84' lang='lat' dir='ltr'><strong>haec</strong></span> 
     </span>
     <span class='ocr_line' id='line_1_24' title="bbox 213 3206 921 3275; baseline -0.001 -14"><span class='ocrx_word' id='word_1_168' title='bbox 213 3207 250 3261; x_wconf 89' lang='lat' dir='ltr'><strong>P¹</strong></span> <span class='ocrx_word' id='word_1_169' title='bbox 265 3233 299 3253; x_wconf 95' lang='lat'><em>=</em></span> <span class='ocrx_word' id='word_1_170' title='bbox 319 3207 377 3262; x_wconf 86' lang='lat' dir='ltr'><strong>cod.</strong></span> <span class='ocrx_word' id='word_1_171' title='bbox 396 3207 548 3262; x_wconf 79' lang='lat' dir='ltr'><strong>Parisinus</strong></span> <span class='ocrx_word' id='word_1_172' title='bbox 565 3223 630 3261; x_wconf 86' lang='lat' dir='ltr'><strong>nou.</strong></span> <span class='ocrx_word' id='word_1_173' title='bbox 651 3209 845 3275; x_wconf 81' lang='lat' dir='ltr'><strong>aep.1672e.</strong></span> <span class='ocrx_word' id='word_1_174' title='bbox 865 3206 921 3260; x_wconf 77' lang='lat' dir='ltr'><strong>lx.</strong></span> 
     </span>
     <span class='ocr_line' id='line_1_25' title="bbox 212 3295 844 3352; baseline 0.002 -1"><span class='ocrx_word' id='word_1_175' title='bbox 212 3297 242 3351; x_wconf 83' lang='grc' dir='ltr'><strong><em>Ε</em></strong></span> <span class='ocrx_word' id='word_1_176' title='bbox 267 3321 302 3343; x_wconf 92' lang='lat'>=</span> <span class='ocrx_word' id='word_1_177' title='bbox 321 3297 380 3352; x_wconf 86' lang='lat' dir='ltr'><strong>cod.</strong></span> <span class='ocrx_word' id='word_1_178' title='bbox 403 3295 652 3350; x_wconf 80' lang='lat' dir='ltr'><strong>Cheltenbamensis</strong></span> <span class='ocrx_word' id='word_1_179' title='bbox 671 3299 747 3350; x_wconf 81' lang='lat'><strong>2173</strong></span> <span class='ocrx_word' id='word_1_180' title='bbox 765 3312 786 3350; x_wconf 84' lang='lat' dir='ltr'><strong>s.</strong></span> <span class='ocrx_word' id='word_1_181' title='bbox 807 3295 844 3352; x_wconf 85' lang='lat' dir='ltr'><strong>X.</strong></span> 
     </span>
     <span class='ocr_line' id='line_1_26' title="bbox 218 3383 762 3440; baseline -0.007 0"><span class='ocrx_word' id='word_1_182' title='bbox 218 3385 244 3440; x_wconf 86' lang='lat' dir='ltr'><strong><em>V</em></strong></span> <span class='ocrx_word' id='word_1_183' title='bbox 267 3409 301 3432; x_wconf 96' lang='lat'>=</span> <span class='ocrx_word' id='word_1_184' title='bbox 322 3385 379 3439; x_wconf 85' lang='lat' dir='ltr'><strong>cod.</strong></span> <span class='ocrx_word' id='word_1_185' title='bbox 404 3384 559 3439; x_wconf 78' lang='lat' dir='ltr'><strong>Vaticanus</strong></span> <span class='ocrx_word' id='word_1_186' title='bbox 580 3387 639 3438; x_wconf 87' lang='grc'><strong>495</strong></span> <span class='ocrx_word' id='word_1_187' title='bbox 656 3401 677 3438; x_wconf 89' lang='lat' dir='ltr'><strong>a.</strong></span> <span class='ocrx_word' id='word_1_188' title='bbox 697 3383 762 3438; x_wconf 86' lang='lat' dir='ltr'><strong>XV.</strong></span> 
     </span>
     <span class='ocr_line' id='line_1_27' title="bbox 218 3472 765 3530; baseline -0.007 0"><span class='ocrx_word' id='word_1_189' title='bbox 218 3473 244 3530; x_wconf 87' lang='lat' dir='ltr'><em>U</em></span> <span class='ocrx_word' id='word_1_190' title='bbox 266 3499 301 3521; x_wconf 96' lang='lat'><strong><em>=</em></strong></span> <span class='ocrx_word' id='word_1_191' title='bbox 321 3473 379 3530; x_wconf 84' lang='lat' dir='ltr'><strong>cod.</strong></span> <span class='ocrx_word' id='word_1_192' title='bbox 404 3473 561 3528; x_wconf 81' lang='lat' dir='ltr'><strong>Vaticanus</strong></span> <span class='ocrx_word' id='word_1_193' title='bbox 582 3476 640 3526; x_wconf 80' lang='lat'><strong>499</strong></span> <span class='ocrx_word' id='word_1_194' title='bbox 657 3489 678 3528; x_wconf 89' lang='lat' dir='ltr'><strong>a.</strong></span> <span class='ocrx_word' id='word_1_195' title='bbox 698 3472 765 3526; x_wconf 89' lang='lat' dir='ltr'><strong>XV.</strong></span> 
     </span>
     <span class='ocr_line' id='line_1_28' title="bbox 165 3561 1005 3630; baseline -0.005 -14"><span class='ocrx_word' id='word_1_196' title='bbox 165 3561 292 3628; x_wconf 86' lang='lat' dir='ltr'><strong>(Paulini</strong></span> <span class='ocrx_word' id='word_1_197' title='bbox 311 3562 376 3616; x_wconf 87' lang='lat' dir='ltr'><strong>Nol.</strong></span> <span class='ocrx_word' id='word_1_198' title='bbox 396 3577 480 3630; x_wconf 80' lang='lat' dir='ltr'><strong>opera</strong></span> <span class='ocrx_word' id='word_1_199' title='bbox 503 3561 544 3616; x_wconf 83' lang='lat' dir='ltr'><strong>ed.</strong></span> <span class='ocrx_word' id='word_1_200' title='bbox 563 3561 711 3616; x_wconf 86' lang='lat' dir='ltr'><strong>Hartelius</strong></span> <span class='ocrx_word' id='word_1_201' title='bbox 732 3562 754 3615; x_wconf 85' lang='lat'>1</span> <span class='ocrx_word' id='word_1_202' title='bbox 770 3579 800 3630; x_wconf 83' lang='lat' dir='ltr'><strong>p.</strong></span> <span class='ocrx_word' id='word_1_203' title='bbox 826 3563 1005 3625; x_wconf 83' lang='grc'><em>379-387.)</em></span> 
     </span>
     <span class='ocr_line' id='line_1_29' title="bbox 165 3647 1257 3719; baseline -0.005 -15"><span class='ocrx_word' id='word_1_204' title='bbox 165 3650 352 3705; x_wconf 84' lang='lat' dir='ltr'><strong>Louanienaes</strong></span> <span class='ocrx_word' id='word_1_205' title='bbox 365 3651 438 3704; x_wconf 85' lang='lat' dir='ltr'><strong>buna</strong></span> <span class='ocrx_word' id='word_1_206' title='bbox 455 3650 603 3719; x_wconf 82' lang='lat' dir='ltr'><strong>epistulam</strong></span> <span class='ocrx_word' id='word_1_207' title='bbox 620 3651 653 3704; x_wconf 86' lang='lat' dir='ltr'><strong>in</strong></span> <span class='ocrx_word' id='word_1_208' title='bbox 670 3667 727 3704; x_wconf 87' lang='lat' dir='ltr'><strong>uno</strong></span> <span class='ocrx_word' id='word_1_209' title='bbox 747 3649 885 3704; x_wconf 84' lang='lat' dir='ltr'><strong>Vaticano</strong></span> <span class='ocrx_word' id='word_1_210' title='bbox 904 3647 1055 3716; x_wconf 77' lang='lat' dir='ltr'><strong>exemplari</strong></span> <span class='ocrx_word' id='word_1_211' title='bbox 1069 3649 1152 3712; x_wconf 87' lang='grc'><strong><em>(495)</em></strong></span> <span class='ocrx_word' id='word_1_212' title='bbox 1168 3663 1257 3715; x_wconf 82' lang='lat' dir='ltr'><strong>reper-</strong></span> 
     </span>
     <span class='ocr_line' id='line_1_30' title="bbox 118 3737 444 3808; baseline 0.012 -18"><span class='ocrx_word' id='word_1_213' title='bbox 118 3741 171 3790; x_wconf 87' lang='lat' dir='ltr'><strong>tam</strong></span> <span class='ocrx_word' id='word_1_214' title='bbox 188 3741 273 3808; x_wconf 79' lang='lat' dir='ltr'><strong>primi</strong></span> <span class='ocrx_word' id='word_1_215' title='bbox 291 3737 444 3794; x_wconf 79' lang='lat' dir='ltr'><strong>ediderunt.</strong></span> 
     </span>
    </p>
   </div>
   <div class='ocr_carea' id='block_1_7' title="bbox 119 3891 1260 4316">
    <p class='ocr_par' dir='ltr' id='par_1_8' title="bbox 119 3891 1260 4316">
     <span class='ocr_line' id='line_1_31' title="bbox 150 3891 1256 3966; baseline -0.006 -15"><span class='ocrx_word' id='word_1_216' title='bbox 150 3898 290 3952; x_wconf 74' lang='lat' dir='ltr'><strong>bdomiuo</strong></span> <span class='ocrx_word' id='word_1_217' title='bbox 308 3914 361 3965; x_wconf 83' lang='lat' dir='ltr'><strong>sr,·</strong></span> <span class='ocrx_word' id='word_1_218' title='bbox 379 3897 414 3963; x_wconf 82' lang='lat' dir='ltr'><strong>af.</strong></span> <span class='ocrx_word' id='word_1_219' title='bbox 433 3914 460 3952; x_wconf 91' lang='lat' dir='ltr'><strong>u.</strong></span> <span class='ocrx_word' id='word_1_220' title='bbox 480 3901 516 3951; x_wconf 86' lang='lat'><strong>13</strong></span> <span class='ocrx_word' id='word_1_221' title='bbox 534 3903 603 3966; x_wconf 81' lang='lat' dir='ltr'><strong>etp.</strong></span> <span class='ocrx_word' id='word_1_222' title='bbox 625 3901 688 3964; x_wconf 84' lang='grc'><strong><em>513,</em></strong></span> <span class='ocrx_word' id='word_1_223' title='bbox 707 3900 747 3950; x_wconf 75' lang='lat'><strong>23</strong></span> <span class='ocrx_word' id='word_1_224' title='bbox 828 3895 966 3948; x_wconf 87' lang='lat' dir='ltr'><strong>unianimo</strong></span> <span class='ocrx_word' id='word_1_225' title='bbox 986 3893 1014 3946; x_wconf 92' lang='lat' dir='ltr'><strong>P</strong></span> <span class='ocrx_word' id='word_1_226' title='bbox 1101 3895 1166 3948; x_wconf 78' lang='lat' dir='ltr'><strong>liet</strong></span> <span class='ocrx_word' id='word_1_227' title='bbox 1184 3891 1256 3945; x_wconf 89' lang='lat' dir='ltr'><strong>desi-</strong></span> 
     </span>
     <span class='ocr_line' id='line_1_32' title="bbox 119 3979 1260 4056; baseline -0.005 -17"><span class='ocrx_word' id='word_1_228' title='bbox 119 3986 225 4041; x_wconf 87' lang='lat' dir='ltr'><strong>derabili</strong></span> <span class='ocrx_word' id='word_1_229' title='bbox 247 4004 298 4042; x_wconf 90' lang='lat' dir='ltr'><strong>om.</strong></span> <span class='ocrx_word' id='word_1_230' title='bbox 323 3985 412 4041; x_wconf 84' lang='lat' dir='ltr'><strong>EVU</strong></span> <span class='ocrx_word' id='word_1_231' title='bbox 433 3985 493 4040; x_wconf 84' lang='lat' dir='ltr'><strong>edd.</strong></span> <span class='ocrx_word' id='word_1_232' title='bbox 584 3988 602 4040; x_wconf 80' lang='grc'><strong><em>4</em></strong></span> <span class='ocrx_word' id='word_1_233' title='bbox 625 3987 727 4056; x_wconf 81' lang='lat' dir='ltr'><strong>tyrasia</strong></span> <span class='ocrx_word' id='word_1_234' title='bbox 749 3985 787 4038; x_wconf 90' lang='lat' dir='ltr'><strong>P¹</strong></span> <span class='ocrx_word' id='word_1_235' title='bbox 878 3985 895 4038; x_wconf 80' lang='lat'><em>8</em></span> <span class='ocrx_word' id='word_1_236' title='bbox 919 3982 1110 4037; x_wconf 89' lang='lat' dir='ltr'><strong>delectationis</strong></span> <span class='ocrx_word' id='word_1_237' title='bbox 1139 3979 1194 4035; x_wconf 80' lang='lat' dir='ltr'><strong>Vll</strong></span> <span class='ocrx_word' id='word_1_238' title='bbox 1203 3980 1260 4034; x_wconf 81' lang='lat' dir='ltr'><strong>lar</strong></span> 
     </span>
     <span class='ocr_line' id='line_1_33' title="bbox 120 4070 1258 4144; baseline -0.005 -17"><span class='ocrx_word' id='word_1_239' title='bbox 120 4073 379 4144; x_wconf 68' lang='lat' dir='ltr'><strong>ilpriusPlVUlr</strong></span> <span class='ocrx_word' id='word_1_240' title='bbox 450 4076 540 4144; x_wconf 89' lang='lat' dir='ltr'><strong>nocte]</strong></span> <span class='ocrx_word' id='word_1_241' title='bbox 560 4074 722 4129; x_wconf 77' lang='lat' dir='ltr'><strong>mentePEl</strong></span> <span class='ocrx_word' id='word_1_242' title='bbox 775 4075 809 4128; x_wconf 91' lang='lat'><strong>10</strong></span> <span class='ocrx_word' id='word_1_243' title='bbox 827 4090 876 4142; x_wconf 91' lang='lat' dir='ltr'><strong>per</strong></span> <span class='ocrx_word' id='word_1_244' title='bbox 895 4088 1004 4126; x_wconf 90' lang='lat' dir='ltr'><strong>munere</strong></span> <span class='ocrx_word' id='word_1_245' title='bbox 1018 4070 1075 4124; x_wconf 85' lang='lat' dir='ltr'><strong>PE</strong></span> <span class='ocrx_word' id='word_1_246' title='bbox 1129 4071 1161 4123; x_wconf 85' lang='lat'><strong>12</strong></span> <span class='ocrx_word' id='word_1_247' title='bbox 1180 4085 1258 4139; x_wconf 87' lang='lat' dir='ltr'><strong>prae·</strong></span> 
     </span>
     <span class='ocr_line' id='line_1_34' title="bbox 121 4157 1259 4234; baseline -0.005 -18"><span class='ocrx_word' id='word_1_248' title='bbox 121 4163 324 4232; x_wconf 86' lang='lat' dir='ltr'><strong>ciproUlar</strong></span> <span class='ocrx_word' id='word_1_249' title='bbox 398 4162 430 4216; x_wconf 87' lang='grc'><strong>13</strong></span> <span class='ocrx_word' id='word_1_250' title='bbox 445 4171 574 4232; x_wconf 64' lang='lat' dir='ltr'><strong>maeatas</strong></span> <span class='ocrx_word' id='word_1_251' title='bbox 588 4164 626 4217; x_wconf 91' lang='lat' dir='ltr'><strong>P¹</strong></span> <span class='ocrx_word' id='word_1_252' title='bbox 709 4162 877 4234; x_wconf 79' lang='lat' dir='ltr'><strong>portiorPE</strong></span> <span class='ocrx_word' id='word_1_253' title='bbox 956 4161 1065 4214; x_wconf 90' lang='lat' dir='ltr'><strong>domino</strong></span> <span class='ocrx_word' id='word_1_254' title='bbox 1080 4160 1136 4214; x_wconf 84' lang='lat' dir='ltr'><strong>PE</strong></span> <span class='ocrx_word' id='word_1_255' title='bbox 1147 4157 1259 4212; x_wconf 86' lang='lat' dir='ltr'><strong>Hartel.</strong></span> 
     </span>
     <span class='ocr_line' id='line_1_35' title="bbox 123 4247 1259 4316; baseline -0.004 -12"><span class='ocrx_word' id='word_1_256' title='bbox 123 4253 153 4304; x_wconf 82' lang='lat'><strong>14</strong></span> <span class='ocrx_word' id='word_1_257' title='bbox 171 4251 203 4306; x_wconf 86' lang='lat' dir='ltr'><strong>sd</strong></span> <span class='ocrx_word' id='word_1_258' title='bbox 221 4253 321 4316; x_wconf 86' lang='lat' dir='ltr'><strong>orbem,</strong></span> <span class='ocrx_word' id='word_1_259' title='bbox 340 4267 411 4308; x_wconf 77' lang='lat' dir='ltr'><strong>corr.</strong></span> <span class='ocrx_word' id='word_1_260' title='bbox 431 4251 466 4305; x_wconf 86' lang='lat' dir='ltr'><strong>ad</strong></span> <span class='ocrx_word' id='word_1_261' title='bbox 484 4253 578 4306; x_wconf 90' lang='lat' dir='ltr'><strong>urbem</strong></span> <span class='ocrx_word' id='word_1_262' title='bbox 597 4253 625 4306; x_wconf 94' lang='lat' dir='ltr'><strong>P</strong></span> <span class='ocrx_word' id='word_1_263' title='bbox 646 4253 680 4306; x_wconf 84' lang='lat' dir='ltr'><strong>ab</strong></span> <span class='ocrx_word' id='word_1_264' title='bbox 704 4253 769 4306; x_wconf 90' lang='lat' dir='ltr'><strong>urbe</strong></span> <span class='ocrx_word' id='word_1_265' title='bbox 789 4251 858 4306; x_wconf 86' lang='lat' dir='ltr'><strong>P¹U</strong></span> <span class='ocrx_word' id='word_1_266' title='bbox 949 4252 980 4305; x_wconf 78' lang='lat'><strong>17</strong></span> <span class='ocrx_word' id='word_1_267' title='bbox 1001 4249 1202 4303; x_wconf 85' lang='lat' dir='ltr'><strong>uenerationem</strong></span> <span class='ocrx_word' id='word_1_268' title='bbox 1223 4247 1259 4300; x_wconf 92' lang='lat' dir='ltr'><strong>P¹</strong></span> 
     </span>
    </p>
   </div>
   <div class='ocr_carea' id='block_1_8' title="bbox 123 4339 1261 4484">
    <p class='ocr_par' dir='ltr' id='par_1_9' title="bbox 123 4339 1261 4484">
     <span class='ocr_line' id='line_1_36' title="bbox 124 4339 1261 4412; baseline -0.003 -20"><span class='ocrx_word' id='word_1_269' title='bbox 124 4340 153 4394; x_wconf 87' lang='grc'><strong><em>18</em></strong></span> <span class='ocrx_word' id='word_1_270' title='bbox 174 4342 334 4395; x_wconf 86' lang='lat' dir='ltr'><strong>nescientem</strong></span> <span class='ocrx_word' id='word_1_271' title='bbox 357 4357 401 4394; x_wconf 88' lang='lat' dir='ltr'><strong>me</strong></span> <span class='ocrx_word' id='word_1_272' title='bbox 419 4341 449 4394; x_wconf 84' lang='lat' dir='ltr'><em>E</em></span> <span class='ocrx_word' id='word_1_273' title='bbox 537 4357 752 4412; x_wconf 89' lang='lat' dir='ltr'><strong>consumpseram</strong></span> <span class='ocrx_word' id='word_1_274' title='bbox 770 4340 840 4395; x_wconf 87' lang='lat' dir='ltr'><strong>P¹U</strong></span> <span class='ocrx_word' id='word_1_275' title='bbox 926 4341 958 4393; x_wconf 88' lang='grc'><strong><em>19</em></strong></span> <span class='ocrx_word' id='word_1_276' title='bbox 981 4339 1116 4407; x_wconf 86' lang='lat' dir='ltr'><strong>tempore]</strong></span> <span class='ocrx_word' id='word_1_277' title='bbox 1138 4340 1261 4406; x_wconf 89' lang='lat' dir='ltr'><strong>tempore</strong></span> 
     </span>
     <span class='ocr_line' id='line_1_37' title="bbox 123 4430 207 4484; baseline 0.036 -3"><span class='ocrx_word' id='word_1_278' title='bbox 123 4445 161 4482; x_wconf 90' lang='lat' dir='ltr'><strong>me</strong></span> <span class='ocrx_word' id='word_1_279' title='bbox 178 4430 207 4484; x_wconf 81' lang='lat' dir='ltr'>E</span> 
     </span>
    </p>
   </div>
   <div class='ocr_carea' id='block_1_9' title="bbox 148 4531 1224 4606">
    <p class='ocr_par' dir='ltr' id='par_1_10' title="bbox 148 4531 1224 4606">
     <span class='ocr_line' id='line_1_38' title="bbox 148 4531 1224 4606; baseline 0.012 -15"><span class='ocrx_word' id='word_1_280' title='bbox 148 4553 258 4604; x_wconf 81' lang='lat' dir='ltr'><strong>xxxllll,</strong></span> <span class='ocrx_word' id='word_1_281' title='bbox 269 4555 329 4606; x_wconf 68' lang='lat' dir='ltr'><strong>Aug.</strong></span> <span class='ocrx_word' id='word_1_282' title='bbox 340 4559 396 4597; x_wconf 80' lang='lat' dir='ltr'><strong>sect.</strong></span> <span class='ocrx_word' id='word_1_283' title='bbox 407 4555 430 4595; x_wconf 91' lang='grc'><strong>11</strong></span> <span class='ocrx_word' id='word_1_284' title='bbox 440 4565 493 4604; x_wconf 82' lang='lat' dir='ltr'><strong>para</strong></span> <span class='ocrx_word' id='word_1_285' title='bbox 503 4557 524 4597; x_wconf 74' lang='lat'><strong>2.</strong></span> <span class='ocrx_word' id='word_1_286' title='bbox 1189 4531 1224 4584; x_wconf 70' lang='lat'><strong>32</strong></span> 
     </span>
    </p>
   </div>
   <div class='ocr_carea' id='block_1_10' title="bbox 0 0 1577 5217">
    <p class='ocr_par' dir='ltr' id='par_1_11' title="bbox 0 0 1577 5217">
     <span class='ocr_line' id='line_1_39' title="bbox 0 0 1577 5217; baseline 0 0"><span class='ocrx_word' id='word_1_287' title='bbox 0 0 1577 5217; x_wconf 95' lang='lat' dir='ltr'><strong> </strong></span> 
     </span>
    </p>
   </div>
  </div>
 </body>
</html>
