3092 5217
395 505 661 577 epistularum
682 504 787 559 Luxu.
809 506 932 560 nxxvl..
1165 510 1231 574 325

95 700 130 759 et
152 696 293 761 semini
322 696 422 760 eius.
456 714 531 761 non
561 694 666 760 dioit
688 698 739 761 ‘ot
761 697 1003 763 seminibus’
1025 706 1228 781 tamquam

94 802 127 865 in
159 803 309 879 multis,
348 804 417 868 sed
455 806 660 885 tamquam
698 804 735 866 in
769 822 845 868 uno
879 806 929 869 ‘et
960 806 1105 873 semini
1138 809 1230 883 tuo'‚

95 908 186 991 quod
222 914 283 973 est
313 910 517 976 Christus.
553 910 589 975 in
623 910 785 989 semine,
818 912 932 993 inquit,
965 915 1034 977 tuo
1068 912 1230 977 benedi-

94 1020 222 1081 oentur
244 1036 380 1082 omnes
405 1020 559 1102 gentes.
583 1018 696 1102 erigite
720 1019 831 1084 oeulos
855 1018 959 1084 sordis
983 1023 1015 1085 et
1034 1019 1230 1085 considerate

67 1128 186 1191 stotum
208 1126 316 1189 orbem
339 1130 506 1204 ternorum,
530 1144 593 1208 quo
616 1126 710 1191 modo
734 1126 766 1189 in
790 1126 909 1191 semine
933 1126 1077 1192 Abrahae
1104 1126 1230 1191 benedi-

94 1236 197 1295 cuntur
222 1250 332 1296 omnes
356 1235 478 1316 gentes.
510 1236 586 1297 tunc
610 1231 649 1297 ab
672 1251 736 1295 uno
760 1232 957 1311 credebatur,
981 1233 1066 1317 quod
1090 1231 1229 1297 nondum

93 1337 262 1413 uidebutm3
284 1356 347 1403 uos
370 1340 432 1403 iam
456 1338 576 1403 uidetis
600 1342 633 1403 et
655 1338 759 1403 ndhuo
782 1338 941 1405 inuidetis.
975 1339 1080 1423 passio
1110 1339 1229 1404 domini

93 1444 217 1525 pretinm
243 1447 295 1508 est
322 1445 409 1510 orbis
430 1450 598 1521 terrerum,
620 1444 676 1509 ille
699 1448 803 1509 totum
828 1445 935 1511 orbem
959 1446 1093 1511 redemit
1116 1450 1148 1510 et
1170 1463 1229 1509 uos

95 1568 156 1613 eum
175 1554 243 1615 toto
266 1550 344 1615 orbe
368 1551 408 1615 ud
430 1552 555 1616 luorum
573 1553 719 1617 nestrum
738 1570 800 1615 non
819 1551 1026 1629 concordetis,
1047 1551 1104 1617 sed
1121 1552 1230 1634 potius

61 1656 120 1721 oin
148 1656 292 1721 damnum
324 1660 470 1722 uestrum
502 1657 535 1721 in
566 1660 656 1741 parte
686 1657 835 1743 litigetis,
868 1662 904 1723 ut
937 1661 1042 1723 totum
1078 1656 1229 1741 perdetis.

95 1762 188 1827 audite
218 1764 248 1826 in
282 1764 419 1846 psalmo,
447 1783 510 1847 quo
539 1766 640 1848 pretio
667 1764 825 1847 redempti
853 1784 981 1830 sumus:
1015 1764 1229 1841 Foderunt,

95 1868 194 1951 inquit,
214 1888 355 1934 monus
378 1888 484 1934 meas
504 1874 544 1933 et
561 1870 694 1955 pedes,
714 1871 1078 1935 dinumerauerunt
1097 1870 1229 1935 omnia
1260 1872 1271 1903 '·

95 1994 177 2039 ossa
195 1994 296 2050 mem
328 1976 412 2059 ipsi
437 1994 531 2041 uero
555 1976 930 2041 considersuerunt
953 1979 991 2041 et
1015 1993 1229 2058 conspexe-

95 2086 175 2145 runt
195 2102 262 2159 me,
287 2082 527 2147 diuiserunt
549 2082 632 2147 sibi
655 2083 908 2147 uestimenta
930 2100 1014 2147 msa
1038 2088 1077 2147 et
1106 2100 1230 2165 super
1288 2072 1289 2077 ’

61 2188 372 2254 nuostimentum
395 2207 520 2253 meum
543 2189 745 2254 miserunt
768 2193 931 2254 sortem.
957 2207 1053 2271 quare
1071 2188 1229 2253 diuisores

95 2295 342 2360 uestimentomm
367 2296 485 2361 domini
515 2314 587 2361 osse
614 2296 715 2360 uultis
743 2301 776 2361 et
803 2297 944 2361 tunicam
972 2295 1060 2359 illum
1088 2294 1229 2359 onntntis

95 2401 215 2485 desuper
235 2405 366 2480 tortam,
391 2422 486 2486 quam
509 2422 567 2469 noo
589 2407 809 2486 persecutores
830 2404 897 2468 eins
918 2402 1104 2481 diuiserunt,
1122 2406 1229 2467 tenere

96 2525 157 2571 rum
177 2511 243 2573 toto
268 2510 343 2575 orbe
366 2529 427 2575 non
450 2510 571 2575 uultis?
595 2510 627 2574 iu
650 2509 773 2593 psalmo
797 2508 867 2591 ipso
890 2509 1018 2592 legitur,
1043 2508 1118 2591 quie
1140 2512 1228 2572 totus

96 2613 169 2679 orbis
190 2632 257 2679 sem
280 2619 383 2681 tenet:
408 2615 848 2694 commemorabuntur,
870 2616 984 2698 inquit,
1009 2618 1047 2679 et
1071 2632 1228 2680 oonuer-

61 2724 223 2785 utentur
243 2722 289 2786 sd
312 2722 516 2789 dominum
540 2722 728 2788 uniuersi
752 2723 859 2787 fines
883 2726 1015 2787 terrae
1036 2725 1076 2785 et
1095 2720 1228 2784 odora-

96 2825 182 2892 bunt
202 2828 240 2892 in
264 2832 490 2912 conspeetu
510 2829 599 2895 eius
617 2829 838 2895 uniuersae
856 2829 1016 2913 petrino
1036 2827 1227 2912 gentium.

97 2934 266 3012 quoniam
300 2935 436 3019 ipsius
469 2940 533 3001 est
564 2955 731 3021 regnum
764 2940 802 3001 et
833 2936 921 3019 ipss
951 2934 1229 3001 dominabitur·

97 3040 272 3123 gentium.
306 3042 426 3125 aperite
453 3061 545 3107 aures
575 3041 680 3108 cordis
708 3046 742 3107 et
769 3041 887 3119 audito,
918 3041 991 3124 quin
1019 3040 1114 3105 deus
1144 3040 1228 3105 deo-

97 3164 168 3209 rum
191 3148 376 3213 dominns
399 3148 567 3214 loeutus
588 3152 650 3213 est
669 3151 708 3213 et
727 3148 894 3213 uocauit
913 3151 1062 3212 terrem
1082 3166 1101 3211 a
1118 3146 1225 3212 solis

64 3256 174 3316 eortu
200 3273 328 3337 nsque
356 3255 403 3319 ed
430 3274 636 3331 ooousum;
670 3274 712 3320 ex
740 3253 835 3320 Sion
870 3252 1031 3336 species
1067 3252 1228 3318 decoris

171 3480 334 3548 susum,
355 3482 388 3536 18
443 3482 474 3536 ll
495 3482 539 3537 Ps.
559 3483 603 3545 21,
624 3482 729 3536 17-19
785 3482 818 3535 19
837 3480 882 3535 Ps.
903 3481 945 3545 21,
964 3480 1070 3534 28-29
1125 3478 1224 3533 23Ps.

98 3568 134 3632 49,
151 3570 214 3623 1-2

127 3690 291 3747 tiomultio
310 3695 403 3748 osee
474 3694 503 3747 in
522 3710 576 3747 uno
596 3694 689 3748 oum
740 3694 877 3763 deordis]
895 3692 1037 3747 mentisR
1092 3690 1227 3757 ttotum]

99 3781 233 3836 uniuersum
250 3782 281 3837 R
351 3783 380 3836 iu
398 3798 490 3836 semen
508 3783 535 3835 A
621 3782 756 3847 dicuntur,
775 3798 846 3837 corr.
866 3782 970 3849 (ruli)
988 3778 1187 3834 benedicuntur
1203 3777 1232 3829 P

100 3868 174 3923 iimo
189 3888 236 3925 uos
254 3872 316 3925 edd.
377 3871 488 3943 9orbe]
507 3872 572 3926 orbe
589 3875 721 3926 torturum
739 3872 768 3927 R
830 3872 863 3925 10
881 3871 974 3940 ligetis
993 3868 1023 3922 F
1092 3871 1123 3921 ut
1140 3869 1228 3920 totum

100 3956 203 4024 perdutis
220 3960 268 4023 trie,
287 3962 405 4014 αἰειηιη
423 3960 475 4017 del.
493 3965 561 4018 rost
578 3962 606 4016 P
691 3962 722 4016 ll
743 3960 836 4015 audite
855 3961 950 4029 itaque
968 3959 996 4012 in
1017 3957 1044 4012 R
1124 3956 1229 4025 psalmo

100 4061 139 4112 tlt!
154 4062 182 4100 a
197 4063 262 4102 sorr.
280 4065 315 4103 m.
326 4052 356 4117 2)
374 4049 412 4103 M
500 4052 534 4104 12
557 4048 651 4121 pedes]
674 4049 759 4120 pedes
777 4066 852 4104 meos
871 4048 899 4104 R
916 4064 966 4103 sec.
990 4046 1070 4115 Volo.
1089 4044 1228 4113 (sernay.

98 4150 192 4202 ottoque
206 4138 261 4195 eod.
280 4138 359 4194 Alae.
378 4138 463 4202 πόδας
482 4143 542 4211 μου)
590 4139 622 4194 15
640 4142 744 4193 uestem
763 4154 850 4193 mesm
865 4137 920 4192 FR
937 4152 987 4191 oee.
1007 4134 1085 4204 Volo.
1125 4132 1157 4186 17
1172 4136 1229 4185 tex-

99 4226 293 4294 tenlerteetnm
309 4228 339 4281 F
389 4244 553 4298 persecutos,
566 4230 830 4298 m.2perseeutores
845 4230 872 4282 Δ
928 4226 961 4281 18
976 4242 1036 4281 cum
1050 4240 1110 4285 om,
1125 4221 1229 4289 ΜΨ)

101 4312 198 4368 odd?
274 4318 306 4372 19
333 4320 526 4371 conuertuntur
543 4332 577 4372 ex
593 4334 650 4371 rao.
675 4316 779 4385 (fuitne
797 4318 989 4371 conuertuntur
1000 4316 1026 4381 Ρ)
1046 4312 1076 4367 F
1144 4314 1179 4366 25
1198 4327 1231 4365 ex

104 4402 170 4473 Sion]
185 4406 256 4461 orion
275 4406 313 4460 Μ
330 4412 412 4473 (corr.
430 4410 492 4460 Μ
509 4407 610 4474 exsion)
629 4406 657 4463 R
675 4412 750 4466 ons?
768 4424 799 4461 ex
818 4410 888 4472 sion)
909 4422 992 4476 exyon
1013 4407 1036 4459 A
1058 4402 1149 4457 exison
1169 4400 1198 4455 F
