3092 5217
263 480 327 543 542
633 477 659 530 S.
687 477 824 530 Aureli
853 476 1071 546 Augustini

263 692 336 738 curn
361 692 378 738 a
402 673 487 738 curis
510 673 684 738 maioribus
706 673 873 758 magisque
894 674 1083 740 necessariis
1110 675 1247 739 uacabat
1273 673 1409 751 animus,

262 780 351 845 uolui
383 800 440 862 per
470 781 543 858 ista,
568 799 649 863 quae
677 799 696 844 a
726 781 818 846 nobis
850 781 1047 858 desiderasti,
1080 781 1200 865 scripta
1229 780 1410 864 proludere,

263 887 386 972 quaudo
419 888 591 972 conscripsi
625 887 663 952 de
696 888 764 953 solo
796 889 944 971 rhythmo
978 908 1032 954 sex
1062 888 1162 953 libros
1194 892 1227 953 et
1259 887 1299 953 de
1327 887 1411 952 melo

263 995 399 1060 scribere
418 993 497 1060 alios
516 994 649 1059 forsitan
669 1013 732 1072 ser,
753 993 861 1073 fateor,
881 995 1097 1079 disponebam,
1118 1015 1191 1060 cum
1208 995 1289 1059 milri
1308 995 1413 1060 otium
1534 1075 1535 1084 ἵ

261 1101 403 1166 futurum
420 1100 594 1184 sperabam.
611 1100 665 1165 sed
678 1104 792 1183 postea
805 1121 899 1184 quam
919 1101 997 1166 mihi
1016 1121 1161 1166 curarum
1180 1101 1413 1167 ecclesiastica·
1444 1125 1456 1163 s

262 1228 332 1273 rum
349 1209 471 1273 sarcina
483 1208 622 1290 inposita
636 1211 695 1286 est,
711 1227 820 1273 omnes
839 1209 913 1275 illae
928 1209 1060 1274 deliciae
1074 1210 1183 1293 fugere
1197 1209 1237 1273 de
1251 1208 1414 1284 manibus,

262 1314 307 1380 ita
325 1318 362 1379 ut
380 1315 433 1378 uix
452 1333 534 1378 nunc
551 1313 657 1398 ipsum
677 1314 818 1380 codicem
836 1315 1008 1396 inueniam,
1024 1316 1172 1398 quoniam
1190 1319 1280 1380 tuam
1298 1315 1415 1380 uolun-

262 1425 362 1486 tatem
386 1440 442 1486 nec
460 1421 647 1504 petitionem
667 1422 723 1488 sed
746 1421 920 1487 iussionem
945 1425 1145 1487 contemnere
1168 1439 1302 1505 nequeo.
1326 1421 1415 1505 quod
1533 1493 1535 1518 4

264 1547 337 1593 sane
361 1529 551 1612 opusculum
580 1528 608 1592 si
635 1532 768 1611 potuero
797 1528 933 1605 mittere,
962 1548 1023 1594 non
1047 1528 1177 1612 quidem
1199 1548 1251 1594 me
1272 1527 1334 1593 tibi
1358 1529 1414 1593 olr-
1534 1523 1535 1548 ³

260 1637 455 1717 temperasse
483 1653 596 1700 uerum
622 1643 727 1700 tamen
756 1638 788 1700 te
815 1635 876 1700 hoc
898 1655 917 1699 a
939 1655 990 1700 me
1013 1638 1102 1700 tanto
1125 1654 1219 1719 opere
1245 1635 1415 1719 flagitasse
1433 1657 1457 1695 ιο

261 1741 446 1824 paenitebit.
483 1740 671 1806 difficillime
708 1741 826 1826 quippe
861 1741 1091 1826 intelleguntur
1127 1743 1159 1806 in
1197 1760 1233 1807 eo
1270 1741 1415 1824 quinque

261 1847 345 1926 libri,
374 1847 402 1913 si
429 1867 489 1912 non
514 1847 609 1926 adsit,
637 1847 693 1930 qui
715 1867 778 1912 uon
801 1849 906 1914 solum
929 1848 1163 1930 disputantium
1190 1849 1294 1931 possit
1321 1867 1414 1930 sepa·

262 1974 330 2020 rare
356 1973 506 2038 personas
535 1974 648 2019 uerum
675 1955 770 2019 etiam
799 1955 1030 2038 pronuntiando
1057 1956 1103 2020 ita
1129 1973 1241 2019 sonare
1268 1954 1414 2019 monulus

263 2060 467 2144 syllabarum,
505 2065 542 2126 ut
574 2061 620 2126 eis
654 2061 868 2143 exprimantur
904 2081 1096 2145 sensumque
1132 2061 1257 2127 aunum
1295 2061 1416 2126 feriant
1533 2105 1535 2134 ,

263 2185 377 2252 genera
403 2185 616 2247 numerorum,
644 2168 780 2232 maxime
804 2168 878 2250 quia
907 2169 939 2233 in
968 2169 1159 2252 quibusdam
1191 2169 1287 2234 etiam
1315 2168 1413 2233 silen·
1434 2187 1457 2226 a

262 2273 379 2338 tiomm
404 2273 545 2339 dimensa
568 2274 734 2339 interualla
758 2275 942 2354 miscentur,
970 2295 1050 2359 quae
1069 2258 1201 2340 omuino
1225 2275 1335 2340 sentiri
1360 2295 1415 2339 ne·

263 2383 394 2463 queunt,
417 2381 480 2445 nisi
503 2380 681 2446 auditorem
704 2382 925 2464 pronuntiator
945 2383 1105 2448 informet.
1534 2455 1535 2474 χ

218 2489 239 2551 4
308 2485 439 2553 Sextum
471 2506 545 2552 sane
577 2487 707 2565 libmm,
740 2506 836 2571 quem
869 2488 1070 2554 emendatum
1102 2489 1237 2572 repperi,
1270 2489 1327 2552 ubi
1363 2492 1415 2554 est
1534 2475 1535 2492 ¹

264 2593 365 2658 omnis
397 2593 520 2660 fructus
549 2597 738 2673 ceterorum,
772 2612 834 2659 non
862 2594 973 2659 distuli
1004 2595 1133 2660 mittere
1160 2595 1286 2660 caritati
1318 2598 1412 2670 tuam

262 2698 408 2765 fortassis
441 2699 509 2784 ipse
541 2704 629 2766 tuam
663 2719 724 2766 non
756 2701 895 2766 multum
926 2701 1065 2786 refugiat
1097 2702 1298 2785 grauitatem.
1335 2721 1414 2766 nam
1430 2723 1455 2760 a
1534 2711 1535 2726 ¹

263 2806 442 2890 superiores
475 2807 614 2890 quinque
650 2807 704 2872 uix
738 2806 804 2872 filio
841 2810 949 2873 nostro
986 2811 1019 2872 et
1051 2806 1242 2874 condiacono
1274 2807 1413 2884 Iuliano,
1534 2885 1535 2908 Χ

263 2913 411 2996 quoniam
436 2914 468 2977 et
493 2912 563 2996 ipse
586 2912 649 2978 iam
672 2913 841 2978 nobiscum
863 2913 1063 2989 commilitat,
1087 2912 1175 2997 digni
1195 2913 1333 2978 lectione
1357 2914 1415 2978 uel
1534 2951 1535 3004 q

300 3103 451 3168 lmaioris,
471 3119 539 3157 corr.
559 3107 620 3157 ml
639 3101 786 3158 maioribus
804 3102 841 3157 Ρι
928 3104 1051 3159 duom.
1070 3105 1097 3157 A
1188 3104 1366 3159 desiderastis
1385 3103 1414 3158 R

263 3195 279 3248 3
299 3193 413 3247 rithmos
433 3210 463 3246 er
483 3193 518 3246 Μ
536 3197 613 3258 (corr.
634 3193 734 3248 rithmo
754 3196 811 3261 ser)
830 3191 861 3247 F
876 3197 952 3261 (aad
968 3193 1069 3248 rithmo
1088 3196 1144 3262 sex)
1244 3195 1331 3249 melos
1349 3195 1417 3250 PM
1534 3197 1535 3212 ¹

263 3282 287 3353 (s
306 3298 365 3350 cup.
384 3286 460 3349 m.2)
479 3280 574 3336 ΙΡΑΡι
593 3289 617 3345 (s
635 3299 694 3352 arcp.
713 3287 789 3350 Μ)
859 3283 1024 3337 liorsilans
1044 3300 1083 3346 ex,
1101 3287 1168 3337 aad
1186 3283 1300 3338 forsitan
1318 3301 1366 3338 sex
1384 3283 1417 3338 F
1534 3277 1535 3280 '

264 3373 280 3426 6
299 3370 387 3440 fugire
405 3369 442 3423 M
458 3374 503 3438 (ra.
524 3378 555 3425 ut
572 3371 631 3426 uid.
643 3376 659 3424 1
671 3387 741 3426 corr.
760 3371 866 3441 fugere)
880 3371 911 3425 F
922 3375 999 3437 (m.3
1016 3372 1121 3442 fugere)
1159 3372 1175 3425 7
1191 3373 1333 3442 quoniam]
1347 3390 1411 3442 qua,

263 3475 331 3513 corr.
350 3465 410 3515 m.1
429 3459 493 3529 quia
510 3463 601 3528 (saper
620 3477 636 3513 a
653 3463 721 3527 roe.)
739 3459 778 3512 M
813 3461 846 3514 10
869 3463 1026 3530 taut-opere
1039 3461 1067 3514 P
1078 3467 1223 3531 tantopere
1236 3460 1332 3516 FP¹R
1350 3462 1410 3516 edd

265 3547 414 3601 ll·V·P¹
465 3547 498 3601 12
517 3549 605 3618 possit
624 3563 684 3611 om,
703 3546 819 3616 ΜΨ)
839 3547 957 3602 oddM
1006 3549 1038 3603 13
1053 3565 1175 3602 sonarem
1194 3550 1285 3604 orulas
1302 3550 1414 3604 corr.P
1534 3615 1535 3620 Ἰ

266 3619 449 3734 15111]ιῖιῆ
557 3663 639 3717 etiam
660 3679 710 3719 om.
730 3663 768 3718 M
873 3664 999 3719 silentioi
1021 3668 1071 3730 (u
1090 3670 1191 3733 posteo
1210 3665 1278 3721 odd.
1295 3666 1366 3735 aeid.)
1385 3667 1413 3720 P

264 3753 298 3807 16
317 3753 418 3808 sentire
430 3753 494 3807 MA
530 3753 563 3807 17
583 3751 733 3807 adiutorem
753 3753 792 3808 M
808 3757 884 3817 (aad
901 3754 915 3807 l
932 3753 1095 3820 auditorem)
1113 3753 1198 3810 Fac
1216 3753 1371 3808 adiutorum
1384 3755 1413 3806 A
1534 3769 1535 3836 3

264 3841 380 3906 adiutor,
398 3845 465 3898 Μ
482 3841 634 3898 auditorem
653 3841 692 3895 Ρι
746 3843 866 3896 infirmet
883 3842 949 3897 ΜΡ
962 3843 1052 3897 firmet
1070 3843 1098 3896 A
1148 3843 1182 3898 18
1199 3843 1293 3913 quem]
1309 3843 1373 3913 qnia
1386 3842 1414 3895 P
1534 3837 1535 3908 i

300 3931 460 3986 emendatus
474 3932 498 4003 (r
517 3935 598 3998 eros.)
619 3931 647 3984 A
684 3932 717 3986 19
736 3933 824 3986 omnis
842 3948 894 3986 om.
911 3932 950 3986 Μ
988 3931 1024 3987 20
1041 3932 1161 4002 refugiet
1178 3931 1241 3989 edd.
1283 3932 1316 3986 21
1333 3932 1411 4002 quin·
1534 3921 1535 3924 ¹

264 4038 316 4090 que
335 4021 486 4090 superiores
504 4021 532 4076 R
602 4021 678 4082 folio,
697 4021 899 4089 m.1(?)corr.
918 4020 975 4075 lilio
993 4019 1032 4074 M
1110 4022 1145 4074 22
1163 4021 1304 4091 quoniam]
1324 4021 1370 4090 qui
1389 4020 1410 4084 (i

263 4113 328 4164 m.2
345 4110 377 4164 ia
394 4125 450 4163 ros.
470 4113 486 4163 1
506 4107 536 4178 l.)
553 4108 591 4162 M
667 4109 743 4180 digni
760 4110 879 4164 lectione
897 4108 942 4164 uel
960 4109 1117 4178 cognitione
1134 4110 1248 4178 ampsi5
1266 4109 1411 4164 dilectione

263 4198 309 4252 uel
332 4197 486 4268 cognitione
509 4197 628 4252 ΡΓΔΡ1
651 4203 743 4270 (uapor
765 4197 910 4253 dilectione
932 4201 1000 4255 Μ
1022 4197 1088 4252 odd.
1112 4197 1201 4269 digni)
1218 4199 1247 4254 R
1266 4197 1410 4254 dilectione

264 4283 308 4337 uel
321 4286 477 4356 cognitione
497 4289 546 4354 (m
558 4329 636 4344 .....
650 4307 687 4329 w
706 4289 789 4350 eras.)
808 4285 846 4340 M
862 4286 1044 4355 cognitiones
1062 4287 1220 4355 cognitione
1239 4285 1339 4357 dignis
1354 4286 1409 4339 lec·

264 4373 338 4428 tione
358 4377 386 4428 et
404 4373 561 4444 cognitione
580 4374 657 4444 digni
675 4381 733 4430 cett.
753 4375 829 4442 edd.‚·
849 4375 884 4442 cf.
903 4373 1026 4442 Remum
1044 4373 1120 4443 111,
1139 4379 1156 4428 1
