3092 5217
487 511 752 582 epistularum
781 510 878 565 CVIII.
1188 516 1251 579 625

103 706 190 787 quod
223 706 261 771 ad
294 725 353 771 uos
381 705 595 770 admonendos
625 704 702 770 deus
727 705 1033 780 misericordissima,
1059 706 1086 770 si
1110 706 1252 791 sapietis,

102 814 286 896 prouisione
314 812 490 878 constituit.
524 830 652 877 causam
681 812 750 877 dico
780 813 941 891 Feliciani
970 812 1053 877 ‘fidei
1080 815 1252 890 aemulum,

103 920 251 984 ueritatis
289 919 479 995 adulterum,
522 920 676 983 ecclesiae
712 919 847 997 matris,
889 921 975 985 sicut
1014 920 1045 983 in
1083 919 1253 1002 Bagaiensi

102 1025 240 1091 concilio
265 1026 497 1090 conclamatum
521 1030 580 1103 ast,
604 1026 789 1104 inimicum,
815 1025 950 1101 Bathea,
976 1024 1055 1091 Coro
1079 1029 1112 1091 et
1133 1026 1252 1091 Abiron

75 1134 308 1211 ministrum,
346 1132 384 1196 de
417 1152 479 1215 quo
512 1132 650 1215 emplius
685 1132 882 1211 addiderunt,
921 1132 1005 1215 quod
1039 1151 1113 1197 eum
1144 1136 1253 1217 aperta

100 1246 187 1305 terra
204 1260 266 1307 non
286 1240 460 1318 absorbuit,
478 1239 517 1303 ad
536 1241 641 1305 maius
661 1241 854 1323 supplicium
874 1240 1037 1324 superbis
1055 1258 1251 1315 reseruasse;

100 1351 224 1430 ‘raptus
252 1346 356 1422 enim’,
383 1346 541 1428 inquiunt,
565 1353 708 1427 ‘poenam
737 1364 830 1409 suam
858 1345 1045 1429 compendio
1071 1346 1252 1411 luoruuorat

100 1454 238 1531 suneris3
266 1472 381 1518 usuras
408 1472 491 1517 nunc
519 1452 676 1536 grauioris
699 1452 824 1537 colligit
851 1453 982 1531 funeris,
1011 1471 1083 1517 cum
1106 1456 1250 1518 mortuus

99 1561 235 1625 interest
267 1560 372 1627 uiuis'.
411 1578 526 1642 quaero
555 1559 652 1623 enim:
686 1562 794 1624 utrum
826 1560 926 1623 istum
955 1562 1031 1625 tunc
1063 1559 1249 1623 inmundum

60 1688 84 1729 ro
100 1672 266 1733 mortuum
297 1669 472 1752 tetigerunt
504 1666 562 1742 illi,
596 1666 651 1747 qui
684 1684 758 1730 cum
791 1684 827 1730 eo
857 1666 1072 1749 conspirantes
1100 1666 1249 1730 Primiani

100 1776 313 1840 innocentiam
334 1775 583 1838 damnauerunt?
608 1774 634 1836 si
654 1773 738 1836 enim
757 1773 942 1857 tetigerunt,
962 1773 1073 1855 utique
1091 1776 1251 1857 pollutum

99 1883 262 1965 tangendo
298 1882 414 1965 polluti
448 1884 534 1945 sunt.
576 1900 633 1945 cur
669 1899 743 1964 ergo
780 1880 812 1943 iu
850 1880 992 1945 eiusdem
1030 1880 1250 1945 communione

100 1990 289 2053 constitutis
308 1993 403 2070 atque
422 1992 567 2052 anostra
590 1987 743 2068 separatis
767 2006 825 2051 nec
844 1991 1004 2069 tamquam
1029 1988 1250 2054 innocentibus

100 2096 212 2161 dilatio
233 2095 384 2159 redeundi
403 2094 596 2162 conceditur.
620 2097 668 2158 ‘ut
685 2094 800 2179 integri
819 2094 947 2158 honoris
968 2113 1004 2159 ac
1021 2093 1095 2157 fidei
1114 2097 1250 2178 regressi

59 2221 82 2259 ιδ
98 2204 240 2266 babeant
258 2202 472 2266 tunilamenta‘
492 2205 533 2277 et,
558 2202 611 2282 qui
630 2205 754 2265 tantum
774 2201 963 2266 ordinationi
982 2202 1164 2267 Maximiani
1188 2222 1247 2267 non

100 2310 325 2385 intertuemnt,
362 2313 542 2373 mereantur
573 2309 692 2382 audire,
731 2309 815 2391 quod
848 2315 912 2373 ‘eos
950 2308 1097 2393 sacrilegi
1129 2311 1248 2375 surculi

100 2436 163 2481 non
200 2417 345 2499 polluere
376 2416 540 2497 plantaria’
572 2416 604 2479 in
638 2415 747 2479 eadem
780 2418 868 2499 parta
900 2416 1034 2497 positos,
1072 2417 1104 2480 in
1137 2417 1247 2480 eodem

99 2524 276 2588 schismate
299 2523 485 2607 conligatos,
514 2522 648 2587 anobis
673 2522 805 2599 diuisos,
835 2522 898 2587 illis
923 2522 1071 2599 sociatos,
1095 2523 1192 2588 simul
1215 2524 1246 2587 in

98 2632 209 2697 Africa
236 2630 438 2704 constitutos,
470 2630 667 2707 notissimos,
701 2629 924 2708 amicissimos,
958 2630 1248 2709 coniunctissimos,

57 2753 81 2791 ²⁰
100 2740 166 2822 qui,
191 2736 254 2801 etsi
271 2756 331 2800 non
356 2740 539 2819 praesentes
557 2756 627 2801 curn
649 2736 884 2812 ordinauerunt‚
906 2740 1034 2819 propter
1051 2756 1124 2801 eum
1142 2740 1246 2803 tamen

98 2847 197 2909 etiam
217 2845 380 2910 absentem
398 2841 592 2907 Primianum
612 2843 851 2920 damnauerunt,
876 2847 908 2908 et
929 2844 1114 2926 inquinasse
1132 2844 1248 2910 dicitur

99 2951 251 3017 surculus
275 2950 444 3015 Caeciliani
468 2951 554 3015 orbis
577 2955 732 3014 terrarum
760 2952 896 3033 populos
922 2948 1116 3015 Christianos
1140 2970 1247 3017 nume-

97 3058 294 3134 rosissimos,
317 3057 560 3135 remotissimos,
583 3057 816 3141 ignotissimos,
836 3056 927 3121 cuius
947 3077 1007 3121 non
1027 3057 1096 3123 dico
1117 3076 1245 3123 causam

186 3303 259 3356 2-9
278 3301 347 3370 Aug.
368 3304 462 3355 contra
481 3300 604 3355 Crescon.
623 3300 693 3353 Don.
712 3300 755 3353 III
773 3302 821 3365 22;
841 3300 880 3353 IV
899 3302 915 3354 5
1052 3300 1097 3365 113
1119 3301 1152 3355 16
1171 3302 1241 3370 Aug.

95 3396 192 3445 contra
211 3390 335 3445 Crescon.
355 3390 425 3443 Don.
444 3388 482 3442 lv
501 3391 517 3443 5

132 3534 267 3603 lsapitis
290 3532 420 3585 VUedd.
489 3532 606 3585 toausa
625 3530 652 3583 P
723 3531 914 3584 blarirnianir
977 3531 1138 3585 3ueritatis
1158 3530 1247 3584 bisV

129 3622 273 3693 uagalensi
287 3621 314 3674 P
330 3621 444 3689 nugensi
462 3620 489 3673 V
506 3620 627 3689 uegiensi
650 3619 741 3674 Utar
758 3620 907 3689 Vagaiensi
921 3636 946 3673 m
989 3621 1007 3673 4
1022 3618 1105 3690 dathq
1125 3618 1205 3690 ehorp
1219 3620 1247 3671 P

94 3712 179 3766 datho
199 3710 281 3765 chore
304 3710 348 3763 Vt
365 3710 473 3762 Dathae
493 3708 579 3764 Chore
597 3726 611 3763 s
629 3710 721 3763 Dathe
740 3710 808 3765 Core
826 3726 856 3777 r,·
875 3711 909 3776 cs.
923 3726 953 3777 p.
977 3712 1039 3772 615,
1060 3711 1099 3761 25
1161 3710 1177 3762 6
1196 3708 1243 3762 ab·

92 3800 203 3854 sorbuit
225 3799 273 3852 sed
296 3798 383 3851 maius
410 3796 530 3852 VUlsr
553 3797 695 3851 absorbuit
717 3797 764 3851 aed
789 3797 823 3851 ad
846 3798 932 3851 maius
956 3813 982 3850 m
1090 3797 1194 3866 superis
1218 3814 1244 3849 m

93 3890 261 3959 8greuiores
276 3886 397 3941 vueod.
409 3886 478 3955 Aug.
490 3892 588 3940 contra
600 3886 723 3940 Creacon.
735 3887 785 3953 (ed.
797 3886 892 3939 Mam.
899 3905 908 3950 ,·
918 3884 996 3939 codd.
1008 3884 1136 3950 comant)
1186 3884 1244 3937 iae-

93 3978 168 4030 noris
186 3982 285 4030 contra
307 3974 430 4029 ereccon.
503 3975 615 4028 mortuis
633 3975 749 4027 interest
767 3976 846 4028 uiuus
870 3974 926 4029 VU
942 3974 1001 4027 edo.
1064 3975 1095 4026 11
1115 3974 1243 4028 innocen-

92 4067 133 4119 tia
151 4065 181 4117 P
235 4064 269 4117 13
288 4064 446 4117 constitutis
465 4080 554 4118 onam
624 4080 675 4117 nec
694 4081 781 4119 om.m
838 4065 871 4118 15
890 4065 918 4116 et
938 4064 995 4132 qui]
1017 4062 1080 4134 equi
1098 4063 1125 4115 P
1180 4066 1242 4115 tan-

92 4170 176 4222 quam
200 4151 258 4207 VU
272 4151 332 4206 cdd.
386 4154 418 4205 lo
437 4151 612 4205 interfuerint
630 4151 685 4205 VU
700 4151 762 4207 edd.
819 4152 850 4205 17
871 4150 1024 4219 polluerent
1042 4149 1070 4203 P
1085 4150 1244 4219 polluerunt

99 4242 154 4297 l'U
173 4240 253 4309 edd.,·
275 4242 310 4309 cf.
334 4242 406 4309 Aug.
426 4246 525 4294 contro
545 4240 671 4297 Crescere.
690 4240 765 4295 Don.
784 4240 841 4294 III
859 4244 913 4308 60;
931 4240 979 4293 IV
999 4242 1031 4306 5,·
1050 4241 1103 4306 39,·
1123 4242 1171 4306 41,·
1192 4242 1244 4303 42;

93 4336 147 4399 44,·
166 4336 266 4385 contm
288 4330 427 4383 Gaudent.
446 4328 521 4384 Don.
541 4330 617 4384 117
672 4331 704 4384 18
724 4330 765 4383 illi
789 4329 815 4383 U
871 4330 906 4383 20
925 4329 977 4382 etsi
996 4328 1061 4396 non]
1083 4327 1165 4381 etiam
1190 4326 1245 4381 VU

91 4424 121 4474 et
139 4422 195 4475 lsr
249 4420 282 4472 21
304 4418 398 4487 etiarn]
419 4422 447 4471 et
470 4417 526 4472 VU
541 4419 600 4474 edet.
669 4420 704 4473 23
724 4436 804 4473 causa
824 4422 869 4485 (νυ
889 4434 971 4487 super
989 4434 1005 4472 a
1022 4418 1109 4487 fuisse
1126 4414 1197 4481 oid.)
1217 4415 1244 4468 P

118 4544 239 4592 xrxrrrr,
252 4544 310 4591 sus.
321 4548 378 4585 seer.
388 4545 411 4583 rr
424 4554 477 4593 pm
487 4546 507 4585 a.
1170 4520 1206 4574 40
