3092 5217
276 444 318 505 30
630 440 656 495 S.
685 440 823 493 Aureli
849 441 1069 509 Augustini

276 638 372 703 sicuti
396 637 562 701 dominicis
587 642 618 702 et
641 636 826 718 apostolicis
849 636 965 699 litteris
988 636 1097 718 probo,
1122 636 1229 699 nullus
1256 635 1424 700 bominum

275 744 354 809 milri
378 744 539 809 silentium
565 744 603 808 de
627 744 677 808 his
701 744 796 809 rebus
819 742 1075 825 persuadendum
1097 743 1276 808 arbitretur.
1299 742 1426 806 uiolen-

275 856 324 915 ter
347 857 453 915 autem
478 853 528 915 uel
552 851 777 915 latrocinanter
799 850 826 913 si
850 850 926 931 qnid
949 849 1129 914 audendum
1148 849 1338 931 putauerint,
1357 868 1425 912 non

277 958 377 1022 deerit
404 958 550 1021 dominus
575 957 614 1021 ad
637 958 788 1021 tuendam
811 957 979 1021 ecclesiam
1003 976 1104 1033 suam,
1129 957 1184 1040 qui
1207 957 1282 1039 iugo
1306 974 1362 1019 suo
1386 954 1425 1017 in

278 1064 397 1149 gremio
427 1064 495 1129 eius
526 1067 593 1129 toto
624 1065 697 1129 orbe
726 1063 842 1128 diffuso
870 1064 976 1128 omnia
1002 1068 1126 1127 terrena
1151 1083 1246 1146 regna
1274 1062 1426 1127 subiecit.
1461 1085 1476 1123 5

234 1180 252 1241 l
322 1170 403 1235 Nam
427 1190 498 1235 cnm
524 1171 677 1235 ccclesiae
701 1171 830 1252 quidam
854 1172 984 1236 colonus
1002 1170 1101 1234 liliam
1121 1190 1221 1247 snam,
1241 1190 1318 1252 quae
1336 1167 1429 1250 apud

278 1297 334 1342 nos
358 1278 461 1341 fuerat
485 1279 712 1342 catechumena
735 1285 767 1342 et
790 1278 830 1342 ad
853 1279 927 1342 illos
951 1278 1084 1342 seducta
1107 1281 1157 1342 est
1178 1277 1290 1341 inuitis
1312 1294 1428 1359 paren·

278 1386 375 1461 tibus,
399 1386 437 1447 ut
454 1384 499 1447 ibi
518 1385 678 1465 baptizata
698 1385 794 1448 etiam
814 1385 1064 1449 sanctimonialis
1083 1384 1215 1449 formam
1236 1383 1427 1465 susciperet,

279 1492 317 1555 ad
337 1490 591 1555 communionem
612 1490 801 1555 catholicam
822 1493 951 1571 paterna
969 1491 1068 1554 uellet
1086 1491 1256 1554 seueritate
1274 1507 1428 1553 reuocare

280 1601 312 1661 et
348 1616 406 1681 ego
444 1597 594 1662 feminam
627 1601 792 1678 corruptae
826 1598 939 1661 nrentis
973 1598 1034 1661 nisi
1067 1599 1227 1662 uolentem
1260 1600 1292 1659 et
1321 1596 1427 1658 libero
1452 1620 1481 1656 lo

280 1702 408 1767 arbitrio
439 1704 570 1768 meliora
603 1703 794 1787 deligentem
827 1705 948 1786 suscipi
980 1704 1165 1781 noluissem,
1197 1703 1251 1767 ille
1283 1702 1429 1767 rusticus

281 1810 375 1873 etiam
408 1810 512 1893 plagis
545 1811 662 1875 instare
696 1812 810 1891 coepit,
844 1814 881 1875 ut
913 1812 974 1899 sibi
1006 1811 1072 1875 filia
1105 1812 1305 1875 consentiret.
1338 1809 1431 1891 quod

282 1918 390 1981 statim
415 1918 616 1995 omnimodo
640 1918 707 1983 lieri
731 1918 891 2001 prohibui.
910 1923 1015 1982 tamen
1039 1936 1094 2000 per
1113 1918 1305 2001 Spanianum
1323 1919 1431 1980 trans-

282 2024 430 2088 euntibus
454 2024 545 2089 nobis
569 2025 736 2107 presbyter
758 2025 861 2108 ipsius
885 2030 973 2089 stans
1000 2025 1031 2088 iu
1060 2026 1165 2089 medio
1193 2024 1290 2088 fundo
1319 2022 1431 2086 catlro—

280 2130 360 2194 licae
394 2150 429 2194 ac
461 2131 631 2195 laudabilis
668 2132 803 2196 feminae
840 2151 920 2197 uoce
956 2132 1223 2215 inpudentissima
1257 2133 1332 2212 post
1365 2149 1429 2192 nos
1453 2156 1483 2194 ιε

282 2236 439 2312 clamauit,
483 2235 566 2317 quod
608 2236 776 2301 traditores
815 2240 846 2299 et
881 2240 1101 2318 persecutores
1143 2256 1299 2314 essemus,
1340 2236 1432 2317 quod

281 2342 460 2407 conuicium
485 2342 579 2405 etiam
608 2343 639 2405 in
667 2343 754 2406 illam
782 2342 933 2406 feminam
960 2344 1119 2408 iaculatus
1148 2348 1206 2422 est,
1235 2362 1314 2424 quae
1342 2361 1430 2406 eom-

282 2449 440 2513 munionis
474 2452 523 2512 est
554 2452 690 2526 nostrae,
723 2450 753 2513 in
783 2449 875 2513 cuins
903 2449 1007 2515 medio
1035 2452 1132 2515 fundo
1161 2452 1276 2516 stabat.
1310 2449 1431 2532 quibus

283 2555 416 2619 uocibus
451 2553 569 2617 auditis
603 2573 662 2619 non
691 2558 794 2619 solum
823 2574 875 2619 me
902 2555 1009 2636 ipsum
1038 2576 1056 2619 a
1081 2556 1139 2620 lite
1170 2557 1335 2631 refrenani.v
1368 2555 1432 2618 sed

283 2661 378 2725 etiam
411 2659 659 2737 multitudinem,
689 2680 768 2743 quac
801 2660 880 2725 milri
913 2662 1136 2740 comitabatur,
1169 2662 1361 2745 compescui.
1393 2664 1433 2724 et
1454 2694 1486 2731 so

283 2769 386 2830 tamen
421 2766 448 2829 si
481 2766 599 2832 dicam:
633 2771 811 2851 quaeratur,
846 2769 900 2852 qui
933 2770 998 2834 siut
1028 2770 1082 2833 uel
1113 2770 1230 2833 fuerint
1260 2768 1433 2833 traditores

284 2874 335 2936 uel
372 2877 601 2954 persecutores,
640 2875 848 2956 respondetur
882 2876 975 2940 mibi:
1016 2876 1177 2958 disputare
1214 2876 1362 2941 nolumus
1395 2879 1434 2938 et

283 2980 475 3062 rebaptizare
499 2983 664 3055 nolumus3
691 3002 745 3047 nos
771 3000 847 3046 oues
872 2986 995 3047 uestras
1019 2983 1244 3047 insidiantibus
1267 2982 1433 3047 morsibus

282 3087 430 3167 lnporum
439 3105 525 3150 more
538 3087 772 3168 depraedemur,
786 3108 855 3166 nos
871 3089 898 3152 si
915 3089 989 3153 boni
1005 3095 1147 3171 pastores
1164 3091 1252 3167 estis,
1268 3092 1369 3153 tacete
1384 3126 1433 3135 -

284 3192 359 3273 quid
374 3192 454 3255 enim
469 3193 555 3255 aliud
566 3193 729 3257 mandauit
738 3195 957 3273 Proculi-anus,
970 3197 997 3259 si
1008 3215 1080 3260 uero
1095 3196 1164 3278 ipse
1175 3195 1357 3260 mandauit?
1367 3219 1431 3270 -3
1455 3224 1486 3265 aa

320 3452 332 3505 1
354 3453 425 3507 sicut
437 3453 536 3519 slrm
608 3454 624 3506 2
643 3454 777 3508 uiolentes
795 3458 823 3509 A
842 3457 978 3510 uiolentos
998 3462 1038 3521 (os
1056 3473 1091 3510 cx
1110 3456 1174 3527 es?)
1192 3458 1220 3511 P
1237 3456 1352 3510 uiolenti
1364 3455 1432 3523 flr

284 3541 511 3596 dlatrocinantes
531 3542 609 3595 codd.
624 3542 686 3609 slr
759 3542 922 3598 audiendum
940 3543 1059 3599 MFAR
1114 3546 1230 3599 lluerit
1247 3544 1330 3599 ΓΑΕ
1393 3544 1428 3596 ab

283 3630 345 3684 illos
365 3634 389 3696 (s
408 3647 466 3698 exp.
485 3648 520 3683 na.
539 3631 645 3684 ataid.
666 3636 690 3698 1)
707 3632 744 3685 M
761 3632 794 3685 ab
814 3632 869 3685 illis
883 3633 911 3687 R
929 3633 990 3685 edd.
1046 3633 1157 3687 seducta
1177 3640 1216 3700 (se
1235 3637 1387 3703 ccp.,m.2)
1401 3634 1432 3685 P

318 3719 575 3785 inuidiosam.)
596 3719 623 3771 P
687 3722 715 3773 ll
738 3719 899 3788 diligentem
917 3722 1035 3774 MFAP
1052 3724 1128 3792 (Μ
1146 3722 1324 3792 deligentem)
1378 3739 1429 3776 uo-

283 3809 393 3862 luissem
411 3809 440 3863 R
511 3809 564 3862 iste
578 3808 615 3862 M
660 3810 692 3862 12
712 3812 744 3862 ut
761 3826 812 3863 om.
832 3808 863 3862 F
879 3810 973 3879 qnoR
1021 3812 1052 3863 13
1072 3812 1193 3880 spaniam
1212 3811 1250 3864 M
1296 3814 1329 3866 14
1342 3812 1428 3881 ipsius

284 3901 358 3950 trans
377 3898 404 3951 in
423 3898 453 3952 F
468 3900 553 3968 ipsius
572 3899 707 3953 transiens
726 3899 753 3951 in
773 3898 800 3953 R
818 3900 904 3968 ipsius
921 3900 951 3959 iu
969 3901 996 3952 A
1071 3903 1103 3955 15
1122 3900 1249 3955 laudibus
1266 3901 1304 3954 M
1386 3903 1428 3954 in-

284 3986 542 4056 prudentissimaF
624 4004 671 4039 nos
691 4004 741 4041 om.
761 3987 908 4042 manna
1000 3990 1032 4042 18
1051 3990 1185 4043 stetitM
1275 3991 1308 4043 19
1327 3990 1428 4043 audiris

284 4074 397 4128 uocibus
412 4076 527 4142 ¹paractis
546 4092 613 4128 corr.
629 4076 665 4129 M
708 4076 797 4129 20rnc
817 4077 877 4131 edd.
924 4080 956 4131 21
978 4078 1129 4132 dicamom.
1143 4079 1171 4133 R
1226 4084 1354 4147 queratur
1367 4079 1429 4131 MA

285 4164 319 4216 22
344 4163 389 4216 uel
414 4167 599 4233 persecutores
625 4181 674 4217 om.
701 4164 728 4218 R
837 4170 982 4231 secutores,
1009 4183 1077 4221 corr.
1103 4173 1168 4223 m.1
1192 4172 1377 4238 persecutores
1401 4168 1434 4221 F

285 4251 319 4305 23
338 4251 499 4321 rebaptizari
517 4252 545 4304 P
628 4252 752 4321 luporum
772 4254 906 4308 morsibus
927 4256 962 4307 M
1030 4258 1065 4310 24
1084 4274 1132 4310 uos
1151 4274 1213 4318 om„
1232 4262 1292 4310 nal
1312 4257 1376 4312 add.
1395 4257 1434 4309 M

285 4342 319 4395 25
338 4339 529 4394 Proculeianus
549 4358 575 4393 m
