3092 5217
296 502 360 565 620
656 497 683 551 S.
710 497 847 553 Aureli
875 497 1092 567 Augustini

295 694 442 760 dixerint!
477 713 533 759 nec
566 693 629 759 sibi
659 698 765 759 tamen
799 695 934 759 alterum
967 695 1134 777 populum,
1166 695 1199 759 in
1228 714 1292 777 quo
1327 699 1440 769 essent,

295 800 492 867 discessione
520 800 675 883 corporali
702 801 756 865 uel
784 800 1004 885 segregatione
1033 799 1248 883 quaesierunt.
1281 801 1349 885 ipsi
1374 820 1443 885 apo·

296 908 370 973 stoli
393 908 584 990 permixtum
607 908 671 971 sibi
689 908 851 973 diabolum
874 907 987 973 Iudam
1010 926 1113 991 usquc
1136 908 1169 971 in
1192 907 1299 987 finem,
1325 926 1389 989 quo
1413 926 1445 971 se

295 1016 363 1099 ipse
400 1015 497 1079 etiam
533 1015 648 1097 laqueo
689 1013 837 1097 perdidit,
880 1014 949 1079 sinc
988 1014 1056 1078 nlla
1092 1014 1143 1081 sni
1180 1014 1448 1079 contaminatione

295 1122 478 1197 tolerarunt,
507 1120 554 1185 ita
576 1123 613 1185 ut
636 1119 756 1185 diceret
779 1121 825 1185 eis
850 1120 998 1187 dominus
1020 1124 1151 1203 propter
1171 1120 1261 1186 illius
1285 1120 1372 1185 inter
1396 1138 1448 1185 eos
1477 1144 1487 1180 s

295 1227 519 1312 praesentiam:
544 1228 593 1292 llt
619 1246 692 1292 uos
720 1225 858 1292 mundi
881 1226 984 1293 estis
1013 1227 1082 1292 sed
1110 1247 1187 1293 non
1212 1246 1363 1293 omnes.
1394 1245 1449 1291 neo

297 1335 336 1401 ob
363 1334 451 1399 illius
479 1334 704 1399 inmunditiam
732 1335 897 1417 tamquam
925 1334 1077 1399 fermento
1105 1334 1136 1399 in
1166 1333 1212 1400 ais
1241 1334 1450 1398 dissimilium

297 1460 421 1505 morum
449 1458 557 1505 massa
579 1444 728 1523 corrupta
751 1444 811 1507 est.
839 1460 897 1506 nec
920 1443 1006 1506 recto
1029 1440 1188 1506 adfirmari
1215 1444 1336 1524 potest,
1367 1440 1450 1522 quod

297 1566 351 1613 eos
370 1546 459 1611 illius
478 1546 598 1611 latebat
616 1546 769 1629 nequitia,
789 1546 851 1611 nisi
868 1547 950 1612 forte
970 1566 1032 1630 qua
1050 1547 1153 1611 fuerat
1172 1546 1270 1612 etiam
1284 1546 1451 1611 dominum

297 1654 486 1731 traditurum
519 1673 592 1717 nam
624 1653 688 1737 ipsi
720 1653 759 1720 de
792 1654 848 1719 illo
882 1655 1087 1737 scripserunt,
1121 1654 1205 1736 quod
1237 1654 1289 1719 ior
1322 1658 1487 1718 enatato

298 1762 413 1839 omnia,
442 1779 524 1843 quae
547 1761 766 1836 mittebantur,
792 1760 830 1827 de
854 1760 1021 1827 dominicis
1045 1762 1161 1827 loculis
1185 1762 1362 1827 auferebat.
1392 1780 1450 1826 non

298 1868 344 1933 eis
386 1868 555 1952 quisquam
598 1868 851 1934 calumniabatur
890 1868 947 1934 illo
989 1868 1190 1935 testimonio:
1228 1868 1450 1933 Videbatis

297 1975 425 2040 furem
445 1980 485 2039 et
504 1975 821 2040 concurrebatis
841 1995 925 2041 cum
947 1995 1005 2053 eo;
1031 1980 1063 2041 et
1081 1974 1273 2041 factisenim
1293 1974 1450 2039 malorum

298 2101 359 2147 non
384 2087 653 2147 sacramentorum
672 2083 893 2147 communione
918 2083 976 2148 sed
998 2082 1169 2147 eorundem
1192 2082 1354 2147 factorum
1380 2100 1451 2145 con-

298 2189 444 2254 sensione
459 2190 667 2254 concurritur.
687 2190 852 2272 apostolus
867 2189 987 2253 Paulus
1003 2192 1121 2272 quanta
1136 2187 1173 2254 de
1192 2189 1284 2255 falsis
1299 2188 1449 2253 fratribus
1468 2209 1487 2247 rs

299 2296 515 2379 conqueritur!
545 2314 680 2378 quorum
708 2300 815 2360 tamen
838 2296 992 2379 corporali
1020 2296 1225 2378 permixtione
1254 2314 1318 2361 non
1346 2314 1449 2359 macu-

297 2403 424 2467 labatur
451 2402 555 2467 cordis
584 2402 656 2483 puri
684 2402 869 2467 diuersitate
897 2402 1072 2468 seiunctus.
1100 2422 1173 2467 num
1201 2422 1219 2467 a
1247 2402 1449 2484 quibusdem.

299 2529 379 2593 quos
415 2509 543 2573 inuidos
579 2512 721 2586 nouerat,
758 2508 879 2593 gaudet
911 2508 1073 2574 Christum
1110 2509 1227 2592 pariter
1259 2508 1448 2591 praedicari:

297 2617 409 2699 utique
437 2615 559 2681 inuidia
584 2615 775 2681 diabolicum
800 2615 915 2679 uitium
939 2620 997 2681 est.

253 2728 272 2789 9
339 2724 506 2788 Postremo
530 2722 700 2805 episcopus
725 2721 900 2805 Cyprianus
929 2722 992 2787 iarn
1022 2722 1156 2787 ecclesie
1184 2722 1352 2806 copiosius
1376 2722 1448 2786 dila·
1464 2743 1485 2781 ro

295 2834 364 2895 tata
391 2830 525 2894 uicinior
552 2829 749 2912 temporibus
778 2828 906 2907 nostris,
936 2830 1028 2893 cuius
1063 2830 1252 2895 auctoritato
1280 2828 1448 2913 aliquando

296 2936 517 3019 repetitionem
533 2934 685 3018 baptismi
700 2935 884 3001 confirmare
900 2935 1066 3013 conemini,
1087 2954 1160 3001 cum
1178 2936 1260 3000 illud
1277 2936 1448 3001 concilium

297 3044 350 3108 uel
367 3043 425 3107 illa
443 3042 572 3125 scripta,
597 3042 627 3107 si
643 3061 719 3107 uere
736 3043 839 3125 ipsius
860 3046 935 3107 sunt
954 3045 986 3107 et
1004 3062 1077 3121 non,
1102 3043 1188 3107 sicut
1206 3042 1308 3125 aliqui
1327 3045 1447 3126 putant,

298 3150 357 3215 sub
386 3150 456 3213 eius
490 3149 615 3213 nomine
643 3150 824 3231 conscripta
856 3152 950 3233 atque
980 3148 1124 3226 conficte,
1156 3149 1227 3231 ipse
1256 3150 1448 3214 contineant.

298 3261 450 3339 quantum
470 3255 614 3321 dilexerit
631 3256 797 3335 unitatem,
823 3276 884 3339 quo
908 3255 1002 3321 modo
1026 3256 1057 3321 in
1078 3276 1116 3321 ea
1133 3256 1331 3333 tolerandos,
1356 3256 1486 3320 etiams

298 3368 407 3430 contra
438 3382 518 3445 quos
552 3364 720 3442 sentiebat,
758 3364 960 3447 apertissime
992 3362 1207 3427 erlrortetione
1241 3363 1447 3435 consuluerit.

298 3491 336 3535 ne
372 3471 459 3553 pecis
496 3469 664 3535 uinculum
701 3474 911 3553 rumperetur,
949 3469 981 3535 id
1018 3470 1225 3552 potissimum
1264 3468 1447 3538 adtendens.

387 3660 481 3716 dlolr.
502 3662 543 3725 13,
563 3660 598 3715 10
662 3660 695 3714 10
713 3660 771 3714 Ioh.
794 3660 872 3722 lac
938 3659 1099 3723 1aPs.49,
1120 3658 1153 3713 18
1223 3659 1307 3713 1511
1328 3660 1388 3714 Cor.
1409 3661 1447 3712 ll.

298 3752 404 3806 23-27
460 3751 492 3804 17
512 3749 584 3803 Phil.
606 3750 630 3813 1,
651 3750 756 3803 15-18

336 3873 494 3927 ldirerunt
511 3889 562 3927 rm
624 3872 856 3927 tcontaminatio
876 3872 904 3925 P
966 3873 1155 3942 6praerentia
1173 3872 1201 3925 P
1263 3872 1334 3927 lob
1354 3890 1405 3927 om.
1423 3872 1449 3924 P

334 3963 503 4021 inmuntiam.
523 3977 592 4015 corr.
614 3959 721 4030 (m.1?)
740 3960 930 4015 inmunditiam
950 3962 978 4015 P
1039 3960 1158 4015 eoois
1216 3961 1448 4016 musticoni>

334 4053 498 4121 scripserant
511 4052 566 4105 VU
574 4052 629 4106 ἴεν
675 4052 708 4106 13
724 4054 753 4104 et
762 4050 855 4120 iactis]
867 4051 900 4105 de
911 4050 1016 4105 lactiss
1069 4052 1140 4104 eninr
1150 4067 1211 4113 our..
1222 4068 1256 4105 m.
1267 4056 1282 4103 1
1293 4050 1336 4118 (P)
1348 4050 1447 4105 adar

300 4143 334 4196 15
352 4141 556 4211 conqueriturs
627 4143 758 4209 qnantum
783 4140 809 4192 V
824 4140 884 4194 edd.
941 4141 973 4194 17
993 4156 1060 4209 pura
1078 4140 1106 4193 P
1177 4140 1238 4193 eP
1292 4141 1326 4193 19
1342 4140 1443 4211 ntique]

300 4230 440 4298 etutique
463 4229 523 4284 Um
585 4229 618 4283 21
639 4230 769 4283 niciniorc
788 4229 816 4282 P
877 4228 911 4282 21
930 4230 990 4298 ipsa
1008 4246 1058 4284 om.
1084 4228 1139 4283 VU
1154 4228 1216 4282 edd.
1276 4230 1312 4284 26
1331 4228 1446 4299 quodP

300 4334 407 4387 quoque
430 4317 481 4371 VU
502 4318 558 4371 lsr
571 4318 654 4387 ,(αῶ.
673 4320 705 4370 in
722 4334 810 4387 maro.
830 4318 988 4372 coniectura
1008 4322 1085 4387 qnos)
1106 4334 1174 4387 qnos
1192 4317 1251 4387 ipse
1271 4334 1297 4371 m
1385 4334 1443 4371 con·

300 4406 395 4459 sulerit
414 4405 441 4458 P
456 4406 593 4459 consuluit
615 4405 671 4459 VU
687 4405 745 4460 ler
