3092 5217
430 513 691 582 epistularum
718 513 788 566 LXI.
816 513 900 567 LXII.
1172 519 1236 582 225

111 720 197 774 tanen
219 706 353 772 dolenda
375 710 408 769 et
430 705 600 780 toleranda,
625 709 778 788 quantum
798 706 945 772 dominus
970 707 1103 784 adiuuit,
1123 709 1237 791 partim

112 813 296 897 obiurgando,
321 812 436 897 partim
460 812 626 889 monendo,
649 812 766 893 partim
792 813 906 877 orando
933 814 1132 879 correximus.
1156 815 1237 880 illud

112 940 179 993 saue,
206 919 289 1003 quod
316 922 392 1002 post
421 922 495 983 tuae
523 919 701 983 sanctitatis
729 919 956 1002 profectionem
983 941 1041 986 nos
1064 921 1235 1003 plurimum

112 1026 301 1092 contristauit.
327 1025 410 1106 quod
428 1009 507 1088 'inde
529 1024 641 1089 fratres
665 1025 732 1088 sine
755 1024 876 1088 itineris
902 1025 981 1088 duce
1005 1025 1128 1089 dimissi
1152 1033 1236 1104 sunt,

90 1133 230 1215 spetimus
257 1133 407 1215 ignoscas
435 1135 468 1196 et
494 1129 639 1194 timidius
663 1149 757 1212 quam
781 1131 974 1196 malitiosius
999 1133 1117 1196 iactum
1143 1134 1236 1199 scias.

112 1259 168 1303 eun
197 1238 280 1302 enim
311 1240 461 1320 putarent
492 1257 546 1301 eos
580 1256 598 1300 a
628 1236 695 1301 filio
727 1238 836 1301 nostro
870 1237 1035 1302 Timotheo
1072 1243 1239 1322 propterea

112 1345 188 1418 mitti,
210 1347 247 1408 ut
269 1345 301 1406 in
326 1363 382 1408 nos
405 1343 540 1407 manime
564 1343 727 1407 caritatem
746 1346 835 1408 tuam
857 1343 896 1408 ad
914 1343 1106 1408 iracundiam
1126 1364 1238 1428 prouo-

113 1453 207 1525 carent,
248 1452 370 1516 uellent
410 1455 518 1514 autem
554 1450 617 1534 ipsi
654 1454 762 1516 nostro
801 1450 962 1528 accentui,
1000 1470 1094 1533 quem
1130 1456 1237 1516 tecum

112 1559 233 1622 lutnmm
265 1559 446 1640 sperabant,
474 1559 580 1621 omnia
597 1558 731 1648 ‘integra
756 1576 928 1635 reseruata,
957 1561 1151 1640 putauerunt
1176 1577 1238 1624 non

80 1693 98 1730 o
112 1685 155 1729 eoa
173 1664 376 1754 profecturos,
402 1665 430 1727 si
454 1664 565 1728 ducem
589 1663 712 1727 itineris
736 1683 797 1728 non
827 1663 1014 1746 acciperent.
1048 1665 1104 1728 sed
1129 1667 1238 1730 tamen

111 1776 255 1854 peccatum
290 1789 360 1835 esse
393 1771 465 1853 quis
498 1769 643 1834 dubitet?
675 1770 748 1835 hinc
783 1771 875 1835 etiam
905 1772 1025 1835 factum
1054 1774 1113 1848 est,
1142 1773 1180 1834 ut
1207 1776 1239 1837 et

111 1879 219 1942 Fossori
248 1877 406 1941 diceretur
432 1877 496 1941 iam
520 1877 724 1941 Timotheum
752 1895 825 1940 oum
852 1875 932 1958 ipsis
960 1876 1108 1941 fratribus
1140 1877 1239 1941 fuisse

111 1985 278 2067 proiectum.
312 1983 397 2066 quod
423 1985 536 2066 utique
558 1983 676 2048 falsum
700 1988 778 2061 erat,
802 1985 991 2048 nontamen
1016 2003 1034 2048 a
1056 1984 1238 2067 presbytero

112 2091 227 2164 dictum
252 2094 285 2153 et
307 2090 384 2154 haec
409 2090 515 2154 omnia
536 2090 665 2154 fratrem
685 2089 912 2155 carcedonium
931 2090 1059 2173 penitus
1077 2090 1239 2176 ignorasse

80 2222 97 2258 a
112 2197 186 2260 nobis
208 2195 467 2261 manifestissime
491 2196 684 2261 declaratum
707 2200 766 2274 est,
792 2198 944 2279 quantum
965 2197 1026 2260 ista
1044 2196 1240 2260 manifestari

112 2304 208 2368 solent
858 2289 865 2297 ⁸

49 2383 63 2444 2
147 2409 199 2475 Sed
231 2410 307 2492 quid
344 2409 490 2493 pluribus
528 2410 741 2474 inmoremuri
779 2412 972 2473 memoratus
1009 2407 1097 2474 filius
1134 2412 1240 2473 noster·

110 2515 276 2580 Timotheus
300 2515 581 2580 uehementissime
604 2518 819 2597 perturbatus,
845 2516 929 2597 quod
953 2515 1148 2580 dubietatem
1173 2520 1240 2579 tam

109 2620 283 2704 inopinatam
313 2622 528 2687 inuitissimus
557 2622 701 2698 senserit,
729 2623 886 2688 indicauit
912 2622 1013 2700 nobis,
1044 2622 1137 2705 quod,
1163 2621 1238 2685 dum

78 2744 203 2808 nageres
231 2747 302 2792 cum
331 2728 397 2806 illo,
426 2733 465 2792 ut
492 2727 576 2810 apud
605 2728 783 2793 Subsanam
811 2729 869 2793 deo
899 2729 1043 2806 seminet,
1072 2727 1176 2810 erupit
1208 2728 1240 2791 et

109 2832 211 2898 iurauit
232 2854 250 2897 a
270 2839 304 2898 te
329 2835 455 2900 omnino
479 2853 540 2898 non
562 2854 773 2900 recessurum.
799 2855 932 2917 cumque
953 2835 1021 2899 eius
1040 2835 1238 2898 uoluntatem

109 2940 332 3021 requireremus,
357 2942 521 3024 respondit
544 2962 577 3008 se
601 2944 660 3006 bac
682 2942 839 3007 iuratione
861 2940 1019 3024 impediri,
1044 2959 1106 3023 quo
1132 2940 1238 3004 minus

109 3045 146 3108 ibi
174 3051 263 3123 esset,
295 3049 352 3112 ubi
384 3067 458 3112 eum
491 3067 561 3113 esse
596 3049 691 3113 etiam
723 3053 817 3112 antea
850 3048 1047 3124 nolebamus,
1076 3066 1149 3110 cum
1175 3045 1239 3109 iam

108 3155 274 3232 praesertim
300 3155 339 3218 de
363 3174 438 3219 suae
461 3155 619 3219 libertatis
643 3155 897 3223 manifestatione
921 3173 1052 3220 securus
1078 3154 1129 3218 sit.
1154 3172 1240 3217 cum-

77 3278 159 3338 aque
179 3260 224 3323 illi
247 3261 482 3343 aperuissemus
506 3281 567 3325 non
592 3281 665 3325 eum
689 3263 831 3326 futurum
856 3261 986 3344 periurii
1009 3280 1108 3336 reum,
1133 3259 1161 3324 si
1179 3278 1240 3322 nou

109 3365 281 3448 peripsum
310 3367 367 3432 sed
393 3387 450 3449 per
476 3367 630 3446 tederet,
655 3371 692 3431 ut
714 3372 842 3450 propter
864 3368 1031 3431 uitandum
1057 3365 1238 3431 scandalum

109 3473 200 3536 tecum
227 3493 296 3538 esse
319 3493 381 3538 non
404 3476 525 3556 posset,
550 3474 674 3556 quando
699 3474 827 3557 quidem
851 3494 910 3539 non
935 3475 972 3538 de
996 3479 1053 3537 tua
1075 3474 1240 3536 uoluntate

110 3577 157 3640 sed
176 3579 212 3643 de
235 3599 294 3644 sua
315 3581 418 3644 iurare
442 3581 583 3664 potuerit
606 3599 663 3644 nec
682 3585 713 3645 ts
733 3581 795 3645 sibi
813 3581 960 3646 uicissim
980 3579 1100 3662 aliquid
1118 3579 1241 3642 iurasse

110 3683 257 3750 confessus
281 3686 334 3763 sit,
358 3685 398 3749 ad
422 3689 596 3750 extremum
621 3686 709 3764 dixit,
734 3687 819 3768 quod
843 3707 972 3751 seruum
997 3686 1057 3762 dei,
1087 3674 1240 3749 ecclesiae

68 3786 197 3854 atilium
228 3790 331 3856 dicere
366 3791 542 3873 oportebat,
577 3792 727 3874 quicquid
761 3793 852 3858 uobis
887 3812 959 3857 cum
987 3796 1044 3856 tua
1072 3792 1241 3856 sanctitate

141 3979 151 4030 l
168 3979 317 4049 toleranda]
337 3981 461 4035 tollenda
478 3981 539 4036 edd.
553 3987 704 4050 praeterea
794 3983 811 4035 4
830 3982 888 4036 sine
908 3999 941 4036 eac
959 3983 1017 4036 siue
1042 3981 1069 4035 U
1160 3981 1241 4036 dmisi

112 4072 153 4118 out
168 4067 244 4121 dinisi
265 4069 292 4122 Τ
332 4070 363 4122 ll
385 4075 452 4133 este,
471 4085 539 4124 corr.
561 4075 621 4123 om
639 4069 744 4136 esseIt
798 4070 871 4140 hinc]
889 4071 954 4124 hinc
973 4077 989 4124 e
1008 4075 1033 4138 (e
1053 4086 1111 4138 exp.
1131 4088 1165 4125 m.
1176 4071 1203 4140 1)
1218 4070 1244 4124 T

112 4154 138 4206 19
154 4155 222 4226 dum]
242 4175 301 4212 cum
321 4158 381 4211 cdd.
473 4159 508 4212 20
527 4159 659 4228 ageusT
728 4175 863 4222 susanam,
883 4175 952 4213 corr.
972 4163 1032 4212 m.1
1051 4159 1193 4212 subsanam
1214 4158 1242 4212 R

112 4243 323 4313 assequeremur
344 4247 370 4299 T
457 4246 582 4316 respodit
605 4264 634 4301 se
654 4264 684 4302 ac
708 4248 843 4301 iuratione
867 4248 893 4301 T
980 4249 1014 4302 23
1035 4249 1116 4302 etiam
1136 4264 1195 4301 esse
1219 4248 1243 4301 U

112 4329 140 4384 tl
154 4334 367 4388 manifestatione
386 4334 523 4388 libertatis
542 4335 598 4389 VU
644 4335 679 4390 25
698 4353 771 4390 reum
793 4324 861 4390 ecsi
880 4337 905 4389 T
957 4336 992 4390 28
1011 4336 1129 4390 iurasses
1143 4336 1241 4406 (pose.

114 4417 128 4473 l.
143 4428 204 4489 esp)
226 4423 253 4476 U
304 4425 340 4476 29
359 4426 402 4477 est
423 4423 451 4478 U

135 4545 412 4596 rasurarum-secu
425 4549 508 4596 pana.
1173 4533 1207 4585 ¹5
