3092 5217
656 495 683 551 S.
712 494 849 548 Aureli
879 493 1098 563 Augustini

801 688 956 756 LXXXV.

301 830 448 887 DOMINO
475 830 691 887 SINOERPPER
713 828 969 885 DlLEOTISSIMO
993 829 1037 883 ΕΤ
1057 828 1162 883 VOTIS
1183 828 1346 883 OMNIBUS
1363 828 1436 882 Bur·

302 919 502 976 TIFICANDO
521 920 653 975 FRATRI
670 921 717 975 ET
736 919 1017 976 OONSAOERDOTI
1031 920 1150 975 PAULO
1166 917 1390 974 AUGUSTINL'S
1404 919 1436 972 lb'
1507 888 1508 977 l

706 1008 854 1063 DOMINO
875 1007 1050 1063 SALUTEM.
1507 1010 1508 1027 ¹

259 1125 275 1185 l
346 1136 423 1200 Tam
455 1135 679 1201 inexorabilem
712 1155 764 1200 me
797 1154 858 1199 non
887 1154 1029 1211 uocares,
1057 1134 1119 1198 nisi
1148 1134 1244 1198 etiam
1268 1133 1470 1197 mendacems
1507 1150 1508 1221 l

300 1245 440 1325 putares.
465 1242 541 1324 quid
564 1243 645 1307 enim
670 1242 756 1306 aliud
786 1242 824 1306 de
852 1241 956 1306 animo
985 1260 1055 1306 meo
1085 1242 1196 1318 credis,
1226 1239 1349 1323 quando
1370 1240 1437 1304 talia

303 1348 381 1413 milri
412 1351 536 1427 acribia,
570 1349 632 1413 nisi
663 1349 764 1413 teneri
797 1348 950 1413 aduersus
982 1352 1014 1413 te
1046 1368 1183 1413 naeuum
1216 1346 1385 1411 discordiae
1410 1352 1437 1409 et
1507 1372 1508 1439 ᾗ

301 1455 409 1520 odium
441 1455 674 1532 detestandum,
708 1455 800 1536 quasi
831 1456 862 1519 in
891 1475 924 1520 re
952 1456 1120 1520 manifesta
1146 1474 1206 1519 non
1236 1472 1436 1529 caueamus

301 1562 400 1627 aliis
442 1561 686 1646 praedicans
723 1563 812 1644 ipse
849 1562 1047 1645 reprobus
1084 1560 1281 1638 inueniar,
1318 1566 1370 1624 aut
1398 1561 1436 1624 ita

300 1670 397 1733 uelim
417 1670 517 1733 eicere
532 1669 682 1753 stipulam
700 1668 737 1733 de
758 1669 850 1733 oculo
871 1672 936 1747 tuo,
957 1673 994 1733 ut
1011 1668 1041 1733 in
1062 1687 1131 1732 meo
1151 1668 1273 1733 mabam
1291 1666 1435 1730 nutriam?
1453 1692 1471 1727 n

299 1796 360 1841 non
388 1779 448 1853 est,
478 1775 562 1859 quod
586 1779 692 1859 putas.
726 1794 800 1841 ecce
824 1776 938 1841 iterum
962 1775 1032 1841 dico
1057 1780 1089 1839 et
1111 1778 1213 1839 testor
1236 1774 1340 1849 deum,
1363 1774 1435 1856 qnia.

300 1884 327 1948 si
351 1888 387 1948 tu
410 1882 470 1947 tibi
493 1902 530 1947 ea
553 1883 664 1961 uelles,
690 1900 770 1965 quae
794 1883 853 1948 tibi
878 1902 936 1967 ago
961 1883 1045 1959 aiolo,
1069 1882 1132 1947 iam
1157 1881 1234 1946 olim
1259 1900 1384 1946 securus
1408 1881 1435 1943 in

300 1989 425 2055 Christo
450 1990 576 2055 uiueres
601 1992 633 2053 et
655 1988 687 2053 in
707 1989 843 2055 nominis
864 1989 932 2053 eius
952 1989 1054 2073 gloria
1072 1992 1171 2054 totam
1193 1989 1262 2053 eius
1283 1988 1436 2053 ecelesiam
1507 2008 1508 2071 i

298 2095 497 2160 laetificares.
535 2114 608 2161 ecce
645 2096 709 2160 iam
746 2096 859 2179 scripsi
896 2114 956 2160 non
994 2099 1118 2160 mutum
1151 2100 1183 2160 te
1217 2114 1289 2159 esse
1321 2096 1436 2160 fratrem

298 2222 404 2266 meum
437 2202 493 2267 sed
526 2203 621 2267 otiam
654 2203 808 2286 collegam
841 2222 962 2277 meum3
997 2222 1098 2284 neque
1128 2202 1210 2267 enim
1238 2202 1306 2267 fieri
1328 2204 1434 2285 potest,
1450 2224 1469 2261 s
1507 2220 1508 2291 l

298 2313 413 2373 utnon
433 2309 477 2374 sit
496 2309 618 2393 collega
635 2328 726 2375 meus
746 2308 882 2392 quilibet
900 2308 1069 2391 episcopus
1089 2308 1241 2373 ecclesiae
1261 2308 1434 2385 catholicae,

297 2418 537 2498 qualiscumque
570 2416 623 2494 sit,
656 2415 744 2481 nullo
778 2415 994 2480 ecclesiastico
1028 2415 1146 2480 iudicio
1179 2414 1355 2479 damnatus.
1387 2413 1436 2477 sed
1507 2458 1508 2473 ,

297 2526 334 2587 ut
356 2522 415 2586 tibi
438 2542 499 2587 non
524 2523 766 2600 communicem,
792 2522 879 2587 nulla
903 2540 997 2587 causa
1021 2526 1081 2599 est,
1106 2521 1166 2586 nisi
1191 2522 1265 2604 quia
1290 2521 1347 2585 tibi
1369 2521 1435 2584 adu·

295 2629 355 2691 lari
386 2647 448 2692 non
475 2647 616 2712 possum.
649 2627 708 2692 tibi
737 2628 819 2693 enim
848 2628 982 2693 maxime
1010 2627 1119 2707 debeo,
1149 2628 1223 2710 quia
1254 2626 1287 2691 in
1320 2626 1434 2694 Christo

295 2738 368 2800 Iesu
405 2754 461 2817 per
492 2735 692 2819 euangelium
726 2754 785 2819 ego
818 2740 850 2799 te
883 2735 976 2821 genui
1010 2736 1168 2801 salubrem
1205 2734 1433 2799 mordacitatem
1449 2758 1470 2796 a
1507 2748 1508 2817 l

296 2842 437 2907 caritatis
461 2843 615 2907 ueraciter
639 2843 844 2927 obiurgando.
879 2846 910 2907 et
933 2843 979 2907 ita
1001 2842 1123 2927 gaudeo
1147 2843 1267 2908 multos
1291 2842 1322 2905 in
1346 2841 1434 2905 eccle·
1507 2858 1508 2919 p

295 2949 374 3013 siam
405 2949 595 3015 catholicam
624 2949 796 3015 adiuuante
825 2949 951 3015 domiuo
980 2969 1037 3032 per
1064 2953 1095 3015 te
1123 2968 1194 3015 esse
1223 2948 1434 3014 collacteam

294 3074 355 3122 non
388 3055 520 3121 debeam
551 3058 700 3141 plangere
731 3058 840 3138 plures
868 3056 940 3121 inde
970 3056 1119 3141 dispergi.
1153 3056 1199 3121 sic
1228 3056 1310 3121 enim
1335 3056 1434 3120 uulne·

293 3160 373 3226 rasti
404 3163 572 3227 ecclesiam
600 3162 860 3245 Hipponiensem,
893 3166 939 3240 ut,
972 3163 1033 3227 nisi
1061 3166 1093 3227 te
1121 3161 1268 3227 dominus
1297 3161 1434 3226 omnibus
1507 3162 1508 3173 ¹

295 3268 379 3333 curis
403 3272 435 3332 et
454 3270 586 3333 sarcinis
606 3270 823 3334 saecularibus
843 3268 1025 3352 expeditum
1044 3269 1082 3334 ad
1101 3286 1211 3333 ueram
1230 3268 1432 3351 episcopalem
1448 3292 1470 3331 a

294 3376 394 3438 uitam
427 3376 611 3457 uictumque
644 3377 853 3454 reuocauerit
881 3376 943 3440 tale
971 3376 1090 3440 uulnus
1119 3376 1223 3440 sanari
1246 3394 1306 3439 non
1329 3374 1433 3457 possit.
1507 3384 1508 3421 l

382 3637 398 3689 8
418 3636 431 3689 I
450 3637 510 3693 Cor.
530 3638 556 3699 9,
575 3638 642 3738 27ι
666 3638 798 3692 Ollatth.
819 3640 845 3703 7,
863 3641 892 3703 43
912 3638 976 3693 Luc.
997 3639 1021 3703 6,
1041 3638 1147 3692 41-42

380 3796 460 3849 roem
482 3795 597 3859 coaice,
620 3798 669 3865 qus
692 3798 723 3850 aa
747 3814 787 3864 ep.
807 3798 982 3851 ursum
998 3804 1022 3851 ee
1040 3796 1220 3863 aarum
1242 3798 1273 3849 a
1291 3796 1323 3848 u
1340 3792 1434 3847 amne
1507 3776 1508 3785 '

286 3902 316 3952 p.
338 3887 406 3952 395,
425 3888 446 3938 8
464 3890 555 3939 aulem
573 3901 659 3953 usquc
678 3886 718 3939 ad
731 3887 818 3954 finem
837 3903 876 3955 ep.

326 4044 342 4096 5
361 4043 429 4112 tam]
450 4044 504 4096 iem
527 4041 552 4096 Τ
605 4042 621 4096 6
640 4043 708 4097 mihi
727 4044 796 4098 talia
819 4044 844 4097 Τ
861 4045 920 4098 edd.
984 4047 998 4099 7
1017 4049 1110 4099 tenere
1136 4043 1189 4097 VU
1205 4060 1248 4097 me
1267 4045 1356 4096 tenere
1374 4038 1431 4093 edd.

327 4128 469 4185 aduersum
492 4132 548 4185 VU
598 4132 725 4203 noenum]
745 4150 880 4188 uenenum
905 4133 931 4187 U
967 4134 1188 4189 lammiriaco
1205 4127 1433 4187 nominasenlli
1507 4128 1508 4173 ἐ

292 4218 325 4271 18
344 4223 387 4271 est
404 4234 455 4273 orn.
479 4220 534 4273 VU
602 4220 666 4290 nisi]
686 4228 703 4275 n
725 4222 751 4275 Τ
839 4219 1326 4291 21uentacreciter(riteeeep.)li
1394 4220 1430 4286 er]

289 4324 339 4360 nec
357 4306 417 4361 edd.
468 4310 503 4363 23
522 4310 670 4374 uulnerati,
688 4327 757 4365 corr.
777 4316 837 4364 mi
855 4310 1007 4365 uulneraeti
1024 4312 1052 4366 R
1100 4312 1136 4365 24
1155 4310 1354 4381 Hipponensem
1373 4309 1430 4365 edd·
1507 4346 1508 4393 p

289 4398 323 4451 25
342 4396 455 4450 sarcinis
474 4397 508 4463 (is
526 4398 558 4451 ire
576 4416 631 4455 rae.
650 4404 723 4466 m.1;
735 4400 832 4467 fuitne
850 4401 888 4454 ari
900 4401 926 4468 i)
945 4400 973 4455 R
1507 4398 1508 4415 ³
