3092 5217
443 495 707 565 epistularum
735 495 908 552 LXXXVIII.
1185 502 1250 563 413

105 691 215 760 liunus.
248 708 321 753 cunr
344 690 384 753 ab
416 689 601 771 inquirenda
637 708 734 754 cauea
770 689 1030 755 dissimulassent
1066 694 1098 755 et
1134 693 1249 756 iterum

105 796 251 861 conanae
284 801 461 861 conuentus
494 798 590 873 esset,
622 794 702 860 nihil
733 814 767 860 se
797 796 957 859 moturum
985 797 1122 879 amplius
1151 798 1251 881 gestis

105 902 267 984 expressit.
309 906 343 967 et
373 902 467 967 hodIe
500 902 558 980 illi,
592 902 645 984 qui
678 902 739 968 hoc
766 902 919 979 fecerunt,
947 904 1122 987 presbyteri
1152 905 1250 968 uestri

106 1012 179 1073 sont
219 1008 325 1074 adbuc
365 1028 422 1074 nos
460 1009 591 1091 insuper
625 1010 806 1074 territantes
848 1014 895 1086 et,
939 1010 1024 1075 elcut
1068 1014 1251 1092 potuerunt,

81 1141 91 1178 s
105 1119 340 1199 persequentes,

43 1221 54 1281 ῐ
143 1224 214 1289 Nec
241 1228 347 1289 tamen
375 1224 414 1288 de
441 1222 492 1288 his
519 1224 644 1289 inluriis
674 1227 706 1289 et
733 1224 1019 1307 persecutionibus,
1050 1244 1128 1307 quas
1153 1225 1251 1289 eccle-

106 1333 148 1395 sia
177 1330 337 1396 catholica
363 1330 394 1395 in
430 1331 558 1415 regione
585 1334 694 1396 nostra
725 1334 802 1397 tuno
835 1332 977 1414 pertulit,
1009 1330 1252 1415 imperatoribus

106 1442 238 1519 questus
270 1440 321 1502 est
352 1436 520 1519 episeopus
548 1438 666 1502 noster.
701 1438 758 1502 sed
786 1436 870 1501 lacto
899 1437 1033 1502 concilio
1060 1436 1192 1519 placuit,
1216 1442 1252 1501 ut

107 1543 234 1628 pacifice
266 1543 523 1620 conuenitemini,
556 1562 630 1625 quo,
663 1543 691 1607 si
723 1542 791 1607 fieri
824 1547 943 1626 posset,
976 1543 1134 1609 haberetis
1171 1544 1253 1609 inter

74 1674 93 1711 n
107 1670 162 1717 uos
186 1650 397 1716 conlationem
423 1654 456 1715 et
479 1668 581 1715 errore
605 1649 732 1715 sublato
755 1650 892 1715 fraterna
921 1650 1034 1715 caritas
1066 1651 1181 1735 pacis
1213 1650 1251 1713 iu

107 1758 271 1823 nlnculo
300 1758 482 1821 laetaretur.
507 1759 540 1821 et
561 1757 594 1820 in
617 1756 688 1839 ipsa
711 1757 920 1821 conuentione
945 1757 1021 1841 quid
1043 1756 1253 1847 Proculianus¹

106 1864 204 1945 primo
238 1863 445 1947 responderit,
482 1862 567 1946 quod
605 1862 775 1929 concilium
812 1862 927 1927 facturi
965 1862 1079 1927 essetis
1118 1867 1150 1927 et
1187 1862 1252 1927 illic

106 1970 215 2045 uisuri,
252 1969 330 2053 quid
361 1969 550 2052 respondere
581 1968 749 2043 deberetis,
785 1968 897 2033 deinde
925 1970 1002 2052 quid
1028 1972 1151 2053 postea,
1180 1987 1252 2033 cum

107 2079 233 2159 propter
268 2096 360 2141 suam
396 2074 640 2159 promissionem
676 2075 780 2140 denuo
818 2079 993 2141 conuentus
1035 2080 1131 2154 esset,
1172 2074 1253 2140 actis

74 2206 94 2245 a
108 2181 294 2265 expresserit
311 2200 461 2246 recusans
479 2181 645 2264 pacificam
663 2182 886 2257 conlationem,
905 2183 976 2265 ipsa
990 2186 1081 2267 gesta
1094 2183 1254 2246 instruant

108 2290 296 2371 grauitatem
314 2291 415 2353 tuam.
435 2287 547 2353 deiude
565 2306 638 2352 cum
658 2291 838 2353 uestmrum
857 2288 1043 2354 clericorum
1064 2292 1096 2353 et
1115 2287 1253 2353 Circum-

109 2396 277 2461 cellionum
308 2394 477 2461 notissima
508 2394 655 2461 omnibus
690 2414 751 2459 non
781 2398 920 2459 cessaret
947 2395 1140 2473 immanitas,
1170 2394 1254 2459 dicta

109 2520 200 2567 causa
224 2505 274 2567 est
297 2522 370 2567 cum
395 2501 539 2585 Crispino
562 2501 723 2566 iudicatus
746 2502 925 2567 baeretIcus
950 2520 1007 2566 nec
1025 2520 1127 2583 poena
1145 2501 1252 2565 decem

108 2609 254 2674 librarum
292 2610 372 2688 auri,
410 2628 489 2692 quae
525 2608 557 2672 in
594 2608 770 2673 haereticos
805 2607 842 2673 ab
874 2608 1118 2691 imperatoribus
1150 2607 1254 2671 fuerat

72 2740 94 2775 s
110 2717 290 2794 constituta,
326 2736 382 2798 per
417 2715 693 2780 mansuetudinem
732 2714 921 2779 catholicam
960 2715 1045 2779 feriri
1078 2713 1253 2798 permissus

109 2825 156 2887 eat
190 2826 224 2887 et
257 2827 364 2887 tamen
403 2822 441 2886 ad
478 2824 683 2904 imperatores
721 2822 944 2904 appellandum
982 2822 1118 2905 putauit.
1162 2819 1252 2884 cuius

109 2928 309 3011 appellationi
341 2929 425 3012 quod
457 2929 504 2993 ita
529 2947 718 3011 responsum
745 2930 805 3000 est,
835 2947 935 2993 nonne
963 2930 1144 2992 uestrorum
1166 2944 1252 3009 prae·

110 3035 219 3099 cedens
255 3035 433 3120 inprobitas
470 3038 503 3099 et
540 3034 648 3100 eadem
685 3034 788 3116 ipsius
827 3034 996 3117 appellatio
1035 3032 1175 3109 extorsit,
1217 3037 1254 3096 ut

109 3140 213 3205 fieret?
236 3160 294 3207 nec
316 3144 421 3207 tamen
446 3142 543 3205 etiam
561 3145 635 3224 post
652 3142 760 3224 ipsum
778 3141 965 3223 rescriptum
986 3138 1253 3204 intercedentibus

73 3270 95 3309 a
110 3247 189 3327 apud
210 3248 434 3329 imperatorem
456 3248 575 3312 nostrie
599 3247 758 3330 episcopis
779 3246 886 3312 eadem
908 3247 975 3311 auri
995 3246 1253 3312 condemnatione

196 3456 228 3509 ro
246 3455 314 3525 sps
334 3456 360 3519 4,
380 3455 397 3508 e

143 3589 159 3639 1
179 3587 375 3641 dissimulasset
391 3588 420 3640 P
436 3587 496 3641 edd.
604 3588 873 3657 iterum-expressit
897 3590 925 3640 et
944 3603 994 3642 om.
1015 3587 1040 3640 A
1132 3588 1148 3639 2
1168 3602 1211 3638 see
1226 3585 1256 3638 F

110 3676 289 3744 Ipotuerunt
307 3679 333 3743 (e
352 3692 386 3729 ez
403 3692 460 3731 rua.
480 3681 505 3731 et
523 3690 592 3731 corr.
611 3694 646 3729 m.
656 3680 683 3741 1)
703 3676 731 3728 P
746 3676 926 3745 potuerintne
976 3674 993 3727 8
1012 3678 1175 3743 conquestus
1192 3674 1251 3727 edd.

110 3768 126 3823 9
149 3770 317 3823 conuenirern
342 3768 436 3839 iniquo
462 3770 496 3823 Μ
522 3784 699 3823 concederem
725 3769 819 3839 Inique
844 3767 875 3821 F
898 3769 1068 3822 conuenirem
1092 3768 1122 3821 in
1148 3783 1200 3835 quo
1226 3770 1252 3819 A

143 3857 478 3927 possitsa.2posaetll1
528 3858 557 3910 in
577 3856 706 3911 uoaMF
721 3858 795 3911 iuter
812 3856 935 3911 noscdd.
951 3860 1099 3924 practerm
1137 3856 1170 3908 10
1189 3872 1251 3909 con-

110 3945 273 4010 solationem,
290 3949 358 4001 m.2
376 3945 549 4001 collationem
568 3945 596 3999 P
666 3948 695 4001 iu
713 3962 766 4002 om.
782 3947 809 3999 P
826 3946 868 4015 (in
882 3946 942 4015 flere
959 3950 999 4011 a.)
1019 3961 1046 3997 m
1101 3945 1132 3999 ll
1153 3943 1252 3997 latere·

110 4037 153 4086 tur
168 4034 205 4088 Μ
270 4035 466 4089 Proculeianus
484 4052 511 4088 m
575 4036 608 4090 12
630 4040 659 4089 et
677 4036 745 4105 illic]
765 4040 794 4089 et
812 4035 880 4090 uliae
899 4038 927 4089 et
945 4034 1002 4089 illic
1021 4034 1082 4088 cdd.
1097 4039 1209 4103 praeter
1226 4050 1252 4086 m

113 4121 238 4177 renisuri
252 4123 329 4194 quid]
350 4124 436 4178 uisuri
452 4124 566 4193 quaa
606 4125 638 4179 14
653 4128 730 4179 actus
744 4126 773 4179 A
811 4125 843 4179 15
858 4140 965 4179 recuses
979 4122 1069 4178 Mam
1107 4125 1140 4177 16
1154 4110 1202 4176 ιῖἶο
1219 4122 1255 4175 Μ

145 4214 185 4282 et]
201 4230 230 4268 ex
247 4215 275 4269 A
365 4214 399 4269 18
417 4212 558 4283 Crispinus
577 4213 637 4269 edd.
710 4214 933 4285 decollebrarum
951 4213 982 4267 F
998 4212 1199 4267 decelebratum
1218 4211 1252 4265 M

114 4303 145 4353 19
167 4302 253 4371 ιηῐίᾳς
275 4304 304 4357 in
328 4302 441 4357 creticos
459 4302 498 4357 Μ
620 4303 656 4358 22
680 4302 754 4372 quod
777 4318 829 4357 om.
848 4303 875 4357 A
982 4300 1179 4371 praedecedeus
1206 4299 1253 4367 (de

111 4392 191 4457 eras.)
209 4392 241 4445 Μ
