3092 5217
435 508 700 576 epistularum
729 507 838 565 CXVII.
867 507 989 564 CXVIII.
1218 509 1282 573 665

639 705 782 774 CXVIII.

51 823 87 887 ll
178 826 227 891 'Iu
255 846 306 893 me
332 827 610 893 innumerabilium
635 829 857 911 quaestionum
884 829 978 894 turba
1000 830 1127 920 repento
1151 825 1283 891 circum·

132 933 319 1000 uallandum
346 935 400 1000 uel
427 936 535 1017 potius
560 935 756 1001 obmendum
780 935 912 1020 putasti,
942 933 1088 1000 etiamsi
1117 936 1283 997 uocantem

133 1039 338 1123 otiosumque
368 1041 542 1107 credidisti.
571 1042 696 1126 quando
724 1043 808 1107 enim
832 1061 891 1126 ego
919 1041 951 1106 in
975 1039 1120 1123 quolibet
1143 1038 1208 1103 otio
1236 1039 1285 1102 tot

101 1164 238 1210 sremm
267 1146 367 1212 nodos
390 1150 456 1211 tam
484 1147 648 1212 festinanti
671 1150 713 1225 ct,
741 1150 781 1211 ut
802 1147 925 1222 scribla,
953 1146 1016 1210 iam
1040 1163 1138 1228 paene
1160 1143 1283 1226 prolici-

131 1252 237 1318 scenti
266 1272 396 1335 possem
429 1253 624 1319 dissoluere?
656 1274 787 1319 numero
821 1254 904 1319 enim
935 1271 1041 1317 rerum
1063 1252 1203 1334 ipsamm
1227 1249 1283 1315 im-

130 1358 268 1443 pedirer,
292 1358 387 1424 otiam
410 1359 530 1425 sinodi
551 1360 663 1424 faciles
683 1360 723 1424 ad
746 1357 934 1426 soluendum
958 1359 1074 1434 lorent;
1098 1359 1285 1422 tentarunt

131 1467 243 1529 autem
269 1465 475 1547 perplexitate
502 1465 640 1531 inuoluti
663 1468 696 1530 et
718 1467 890 1531 tenacitate
914 1465 1088 1542 constricti,
1116 1467 1162 1540 ut,
1187 1463 1283 1527 ctiam

131 1570 160 1636 si
197 1571 291 1654 pauci
324 1575 440 1649 essent,
474 1571 704 1637 otiosissimum
737 1591 787 1637 me
821 1575 1012 1656 occupantes
1049 1589 1163 1654 magna
1195 1589 1284 1635 mora

89 1699 113 1738 ro
130 1676 286 1758 temporis
311 1676 481 1761 fatigarent
502 1679 709 1744 intentionem
728 1681 823 1761 atquc
843 1679 1015 1742 attererent
1036 1695 1161 1760 unguas
1184 1695 1283 1740 meos.

130 1801 192 1866 ego
220 1784 254 1847 te
281 1787 388 1849 autem
416 1784 533 1849 uellem
561 1784 702 1868 abripere
731 1784 770 1850 de
798 1783 903 1850 medio
933 1783 1153 1848 deliciosarum
1180 1783 1284 1864 inqui-

129 1888 287 1954 sitionum
309 1894 437 1956 tuarum
456 1895 489 1956 ot
506 1891 683 1974 constipare
705 1891 789 1955 inter
812 1909 902 1956 curus
926 1909 1024 1970 meas,
1048 1892 1086 1954 ut
1108 1888 1160 1954 uel
1184 1887 1300 1954 disce.

128 2015 264 2060 resnou
284 2015 354 2062 esse
376 1997 512 2062 inaniter
530 1999 674 2064 curiosus
697 1999 751 2062 uel
769 1998 987 2063 curiositatem
1010 1999 1098 2061 tuam
1119 1994 1284 2060 cibandam

130 2105 229 2184 atque
266 2103 464 2168 nutriendam
500 2105 649 2187 inponere
685 2125 747 2170 non
781 2104 911 2169 auderes
944 2104 1001 2180 eis,
1035 2121 1168 2184 quorum
1201 2101 1283 2166 inter

87 2233 112 2273 ιι
130 2227 225 2273 eures
257 2209 311 2274 uel
337 2208 474 2275 maxima
501 2230 576 2276 cura
603 2215 653 2277 est
684 2211 854 2296 reprimere
881 2230 916 2276 ac
944 2208 1099 2275 refrenare
1128 2207 1281 2274 curiosos,

129 2320 251 2396 quanto
271 2316 353 2380 enim
376 2317 492 2382 melius
512 2323 692 2400 quantoque
714 2317 922 2396 fructuosius,
947 2316 974 2381 si
997 2316 1029 2380 in
1054 2314 1164 2382 dandis
1189 2314 1228 2378 ad
1250 2316 1282 2378 te

127 2422 209 2487 ullis
241 2422 358 2488 litteris
384 2426 512 2507 tempus
545 2429 640 2508 atque
668 2444 763 2507 opere
793 2425 986 2507 inpenditur,
1017 2423 1055 2487 ad
1088 2422 1148 2487 hoc
1174 2419 1284 2505 potius

127 2527 324 2610 inpenditur,
348 2534 386 2595 ut
403 2534 585 2596 resecentur
602 2551 702 2596 uanae
721 2535 815 2614 atquc
838 2531 968 2595 fallaces
987 2528 1178 2612 cupiditates
1196 2532 1282 2604 tuae,

128 2653 214 2716 quae
245 2637 334 2701 tanto
366 2637 469 2722 magis
502 2638 660 2704 canendae
693 2641 778 2718 sunt,
811 2641 927 2720 quanto
960 2635 1086 2700 facilius
1120 2635 1283 2719 decipiunt

85 2769 111 2809 so
128 2741 239 2806 nescio
264 2761 325 2825 qua
351 2745 464 2808 umbra
486 2744 662 2809 honestatis
686 2746 719 2808 et
740 2743 920 2808 liberalium
949 2743 1126 2809 studiorum
1156 2742 1281 2806 nomine

128 2849 257 2913 uelatus
285 2852 380 2932 atque
407 2851 567 2932 palliatae,
597 2871 691 2933 quam
715 2853 753 2915 ut
779 2854 887 2916 nostro
911 2850 1087 2914 ministerio
1112 2852 1217 2930 atque,
1246 2851 1283 2912 ut

126 2954 174 3019 ita
205 2954 346 3033 dixerim,
379 2956 532 3022 satellitio
563 2956 596 3022 iu
624 2957 832 3034 dominatum,
861 2975 924 3039 quo
952 2961 1017 3021 tam
1050 2956 1163 3020 bonam
1193 2959 1282 3018 tuem

127 3063 271 3126 mentem
293 3067 448 3144 premant,
471 3063 694 3129 uehementius
718 3064 906 3130 excitentur!

222 3233 300 3289 ruem
318 3236 430 3298 worm,
450 3236 498 3305 qur
515 3236 547 3290 o»
565 3253 605 3306 ep.
627 3236 752 3290 cxrrr.

162 3341 270 3412 Incipit
287 3342 406 3412 epistula
423 3344 511 3397 sancti
529 3343 650 3414 agustini
669 3342 704 3398 ad
723 3344 875 3398 dioscorum
893 3345 930 3398 M
952 3345 1069 3416 epistula
1091 3343 1178 3398 sancti
1197 3359 1282 3413 augu-

128 3430 199 3484 stini
219 3429 253 3483 ad
272 3428 424 3485 dicscomm
443 3434 467 3483 A
490 3431 589 3501 incipit
611 3433 730 3502 epistula
747 3433 835 3486 sancti
855 3433 994 3502 angustini
1013 3433 1046 3487 ad
1066 3431 1188 3486 dioscoro
1207 3435 1283 3495 (m.2

127 3519 297 3584 dioscorum)
311 3519 340 3573 P
353 3520 515 3589 rescriptum
533 3521 672 3590 augustini
687 3521 720 3574 ad
736 3521 885 3575 dioscorum
901 3521 928 3576 R
943 3521 1102 3592 augustinns
1118 3520 1152 3574 ad
1168 3520 1282 3574 eundem

127 3605 213 3673 P¹V,·
229 3607 374 3677 Inscriptio
394 3607 466 3662 dcent
483 3610 515 3662 ἐκ
533 3609 612 3663 codd.
631 3615 657 3662 et
676 3609 736 3663 cdd.
793 3609 1022 3664 3obstrueudum
1041 3609 1110 3664 ΡΨ
1155 3608 1281 3664 lreddi-

128 3696 199 3753 dieti
216 3695 246 3750 R
299 3697 556 3768 cgodel.m.1M
606 3699 635 3751 in
654 3698 844 3768 quolibet-et
861 3702 893 3753 ut
911 3715 962 3753 om.
977 3699 1040 3753 MA
1094 3697 1239 3753 5scribam
1255 3697 1283 3751 A

126 3785 144 3839 6
162 3784 269 3853 possim
286 3787 314 3840 A
404 3786 514 3857 Inodi]
533 3785 657 3840 moditate
675 3787 711 3840 M
727 3786 853 3841 nuditate
872 3788 899 3842 A
970 3786 1281 3858 faciles—perplexitate

127 3889 182 3928 om.
202 3873 266 3926 MA
314 3865 480 3944 Iltempcris
496 3892 572 3929 mora
589 3876 617 3931 R
672 3876 706 3931 10
724 3876 877 3931 intentione
898 3879 946 3942 (κ
965 3893 1000 3934 m.
1019 3877 1126 3932 rct'srs'd.
1147 3875 1178 3943 2)
1195 3876 1223 3930 P
1240 3876 1282 3929 iu·

126 3961 257 4017 tentione
274 3961 366 4018 MAR
473 3967 637 4018 atterrerent
658 3963 685 4018 V
790 3981 884 4035 unges,
908 3981 977 4020 corr.
998 3963 1229 4036 (m.1?)ungues
1249 3963 1283 4017 M

130 4052 162 4105 ll
184 4054 278 4105 autem
297 4055 325 4106 te
344 4053 443 4108 uellem
455 4053 516 4108 RV
532 4058 622 4107 autern
641 4053 740 4107 uellem
758 4057 822 4119 (om.
839 4055 880 4124 te)
893 4055 930 4108 Ρι
950 4057 1041 4108 autem
1059 4055 1159 4109 uellem
1178 4058 1206 4108 te
1220 4054 1281 4108 cdd.

129 4141 164 4194 12
185 4140 339 4209 constipare
359 4141 380 4209 (i
399 4157 433 4195 cn
450 4144 518 4208 rae.)
538 4141 574 4194 Μ
682 4141 715 4195 14
738 4143 764 4196 ci
784 4142 968 4209 (m.1?corr.
988 4143 1038 4210 eis)
1056 4159 1185 4212 *quornm
1202 4143 1240 4196 M
1257 4143 1282 4197 ei

129 4245 263 4300 equorum
282 4231 309 4282 A
400 4231 433 4284 15
453 4246 485 4284 ac
502 4231 534 4284 in
547 4231 608 4300 fine
624 4247 652 4287 u.
672 4247 723 4285 om.
742 4231 769 4285 A
789 4235 837 4286 aut
855 4229 892 4286 Μ
961 4248 988 4285 re
1008 4231 1142 4286 refrenare
1162 4231 1282 4286 undosus

128 4321 211 4391 (corr.
232 4318 363 4378 curiosos)
382 4317 420 4372 M
472 4320 506 4374 16
524 4319 682 4374 fluctuamus
699 4320 728 4375 R
758 4347 764 4358 ·
789 4325 825 4384 at,
846 4323 910 4375 m.2
928 4321 963 4374 ad
981 4321 1010 4375 P
1061 4320 1096 4375 20
1114 4321 1281 4387 honestates,

129 4423 200 4461 corr.
220 4405 374 4460 honestatis
392 4407 429 4460 M
498 4409 615 4472 nomine,
635 4424 703 4466 corr.
722 4410 847 4463 nominas
865 4409 903 4462 M
