3092 5217
309 488 374 551 462
684 484 711 537 S.
740 483 877 537 Aureli
905 482 1123 551 Augustini

309 679 518 761 superabatur
549 676 712 759 exemplis.
745 696 817 740 narn
849 676 950 758 primo
984 675 1061 740 mihi
1095 676 1311 758 opponebatur
1340 676 1437 741 ciuitas

310 804 391 861 mea,
431 803 510 865 quae
547 800 620 847 cum
657 786 725 846 tota
762 784 848 846 esset
885 781 916 845 in
949 786 1037 863 parto
1069 780 1197 858 Donati,
1231 780 1270 846 ad
1302 781 1439 847 unitatem

310 890 498 955 catholicam
517 890 626 973 legum
645 888 860 971 imperialium
878 888 991 952 timore
1010 907 1164 952 conuersa
1183 891 1243 965 est,
1263 908 1354 969 quam
1370 908 1440 954 nnnc

310 997 457 1061 uidemus
489 996 535 1060 ita
564 995 661 1059 huius
695 1000 818 1059 uestrae
852 994 1061 1059 animositatis
1094 994 1265 1077 perniciem
1298 995 1440 1073 detestari,

311 1107 348 1168 nt
379 1103 411 1166 in
445 1122 482 1167 ea
515 1121 689 1183 numquam
716 1101 818 1166 luisse
846 1101 1004 1177 credatur;
1038 1102 1084 1166 ita
1112 1100 1192 1167 aliae
1219 1101 1349 1179 multae,
1375 1121 1478 1183 quaes

311 1209 391 1273 mihi
414 1208 598 1273 nominatim
624 1208 962 1286 commemorabantur,
981 1212 1019 1272 ut
1040 1208 1120 1291 ipsis
1139 1208 1236 1273 rebus
1256 1227 1442 1292 agnoscerem

310 1316 407 1381 etiam
430 1316 462 1379 in
487 1315 545 1379 hac
568 1334 666 1379 causa
688 1319 772 1379 recte
796 1314 941 1398 intellegi
965 1333 1070 1397 possa,
1096 1315 1181 1397 quod
1210 1316 1363 1397 scriptum
1390 1318 1441 1380 est:

311 1423 367 1486 Da
401 1422 583 1505 sapienti
615 1421 873 1486 occasionem
907 1424 946 1485 et
979 1421 1208 1505 sapientior
1241 1423 1331 1487 erit.
1363 1442 1444 1505 quarn

311 1528 404 1594 multi
438 1529 531 1603 enirn,
560 1528 645 1610 quod
673 1531 758 1593 certo
792 1528 923 1604 scimus,
953 1528 1017 1591 iam
1040 1529 1193 1593 uolebant
1216 1548 1288 1593 esse
1312 1529 1444 1593 catholici

312 1634 574 1699 manifestissima
595 1634 731 1698 ueritate
755 1634 907 1697 commoti
931 1636 963 1697 et
986 1633 1191 1698 offensionem
1215 1652 1346 1699 snomm
1370 1654 1479 1699 reue-n

312 1741 407 1805 reudo
445 1740 562 1806 cotidie
600 1740 798 1804 differebant!
837 1760 933 1823 quam
968 1741 1087 1805 multos
1125 1760 1186 1805 non
1227 1741 1357 1819 ueritas,
1394 1761 1446 1824 qua

313 1866 485 1929 numquam
514 1847 787 1929 praesumpsistis,
817 1846 871 1911 sed
902 1847 1075 1911 obduratae
1099 1847 1340 1913 consuetudinis
1363 1867 1446 1931 grane

312 1954 477 2019 uinculum
511 1954 701 2037 conligabat,
735 1957 772 2018 ut
804 1954 836 2017 in
865 1954 912 2018 eis
940 1954 1153 2036 compleretur
1179 1954 1289 2019 diuina
1314 1955 1368 2019 illa
1389 1974 1447 2020 scn-

313 2061 427 2126 tentia:
460 2061 603 2126 Verbis
637 2080 712 2125 uon
745 2061 1033 2127 emendabitur
1065 2080 1211 2125 seruus
1246 2061 1384 2138 durusr
1419 2062 1447 2125 si

314 2168 418 2232 enim
441 2174 481 2231 et
504 2168 778 2245 intellexerit,
803 2187 876 2233 non
903 2168 1112 2233 oboediet!
1139 2186 1234 2250 quam
1258 2168 1352 2232 multi
1369 2186 1483 2251 prop-a

312 2277 399 2337 terea
434 2273 589 2354 putabant
621 2294 729 2338 ueram
762 2275 929 2339 ecclesiam
968 2295 1039 2340 esse
1073 2277 1195 2358 partem
1228 2274 1355 2352 Donati,
1385 2274 1450 2356 qnia

314 2398 369 2443 eos
393 2379 433 2443 ad
455 2380 708 2463 cognoscendam
731 2382 921 2446 catholicam
944 2382 1112 2446 ueritatem
1137 2381 1293 2446 securitas
1311 2380 1449 2463 torpidos,

314 2484 498 2551 fastidiosos
531 2488 703 2570 pigrosque
734 2488 884 2553 faciebat!
918 2508 1012 2571 qnam
1040 2488 1151 2553 multis
1179 2488 1303 2552 aditum
1326 2487 1450 2551 intrandi

314 2593 502 2658 obserabant
533 2612 675 2657 rumores
709 2593 946 2671 maledicorum,
977 2595 1031 2677 qui
1059 2594 1166 2659 nescio
1196 2592 1273 2676 qnid
1297 2593 1379 2658 alind
1401 2614 1450 2657 nos

312 2700 344 2763 in
377 2700 474 2763 altare
508 2700 558 2764 dei
590 2720 705 2783 ponere
733 2700 934 2765 iactitabant!
964 2721 1060 2782 quam
1087 2700 1181 2765 multi
1206 2700 1286 2764 nihil
1310 2700 1450 2765 interesse
1465 2725 1484 2761 a·
1516 2724 1517 2787 p

314 2805 489 2882 credentes,
517 2808 550 2869 in
579 2826 641 2889 qua
669 2807 805 2889 quisque
832 2810 922 2890 parte
946 2806 1146 2873 Christianus
1170 2808 1223 2885 sit,
1248 2807 1320 2873 ideo
1343 2827 1450 2890 perma-

314 2913 430 2976 nebant
466 2914 496 2975 in
534 2916 623 2996 parte
659 2914 788 2978 Donati.
827 2913 901 2996 quia
938 2912 982 2977 ibi
1020 2914 1085 2977 nati
1118 2918 1207 2979 crant
1240 2918 1272 2978 et
1305 2933 1357 2979 eos
1388 2913 1450 2977 iude

315 3019 474 3083 discedere
499 3024 593 3101 atque
617 3020 656 3084 ad
681 3021 870 3085 catholicam
893 3020 1027 3085 transire
1049 3040 1141 3085 nemo
1167 3022 1316 3106 cogebat!
1516 3004 1517 3019 ¹

262 3120 303 3181 18
360 3125 419 3189 His
452 3126 599 3190 omnibus
631 3127 744 3190 harum
777 3128 886 3211 legum
923 3130 1032 3203 terror,
1070 3128 1187 3209 quibus
1224 3126 1451 3212 promulgandis

314 3251 405 3315 roges
437 3232 563 3297 domino
598 3233 742 3297 seruiunt
773 3234 805 3297 in
838 3234 962 3311 timore,
994 3234 1041 3297 ita
1072 3234 1202 3316 profuit,
1235 3238 1273 3299 ut
1300 3253 1380 3299 nunc
1406 3232 1484 3297 aliia

403 3459 599 3513 8Prou.9.9
657 3458 907 3522 terrasiam
962 3460 1105 3526 esraa,
1128 3461 1157 3512 11

315 3672 375 3725 edd.
439 3671 609 3739 imperalium
619 3671 709 3724 MAP
761 3675 846 3725 {anon
862 3670 1254 3740 unqusrn,corr.nnnquamL
1331 3672 1449 3737 multaeq:

315 3759 426 3811 mihirl
500 3759 704 3812 Soccasionem
723 3761 841 3829 sapienti
859 3759 887 3813 R
961 3761 994 3814 10
1013 3762 1052 3831 ct]
1073 3759 1120 3814 sed
1140 3760 1172 3813 N
1243 3763 1274 3814 11
1297 3758 1450 3815 ueritatisL

352 3846 415 3915 qua]
435 3848 464 3900 in
483 3864 563 3916 quarn
582 3846 609 3899 L
626 3848 654 3900 in
673 3864 729 3915 qua
746 3848 774 3901 P
791 3848 850 3905 ead.
922 3850 954 3903 12
973 3866 1027 3903 non
1046 3866 1173 3919 unquam,
1192 3865 1262 3903 corr.
1282 3846 1450 3918 nunqnamL

351 3936 542 4005 presumpsisti
559 3936 588 3989 R
653 3938 685 3990 13
703 3937 840 4007 religabat
858 3938 890 3989 N
962 3938 1009 3991 illa
1028 3938 1122 3991 diuina
1139 3938 1193 3993 PR
1257 3940 1290 3991 15
1310 3940 1348 4007 et]
1366 3954 1412 3991 non
1429 3934 1449 3987 L

353 4026 487 4094 putabant
505 4028 649 4094 propterea
666 4027 693 4079 L
785 4028 816 4079 17
837 4042 868 4079 eo
887 4028 914 4079 A
993 4026 1117 4095 turpidos
1135 4026 1196 4080 MA
1291 4028 1324 4081 18
1342 4026 1413 4079 multi
1428 4024 1450 4077 R

352 3583 528 3652 lauperstur
546 3582 573 3636 R
646 3583 834 3652 opponebatur
852 3583 919 3636 mihi
938 3583 964 3636 L
1019 3584 1152 3637 3timore
1171 3584 1263 3653 legum
1283 3584 1449 3654 imperialium

1516 3756 1517 3793 r

1516 3814 1517 3859 l

1516 3866 1517 3905 r

1516 3928 1517 3965 r

1516 4022 1517 4051 l

320 4116 351 4166 19
371 4113 599 4167 ohseruahantO
704 4131 761 4182 nos,
781 4131 850 4175 corr.
870 4114 974 4181 (taff)
1000 4115 1091 4169 nescio
1110 4116 1147 4169 M
1271 4116 1300 4169 in
1320 4116 1398 4168 altare
1416 4111 1449 4163 dei

316 4218 366 4253 nos
385 4201 411 4253 R
464 4203 496 4254 21
518 4203 550 4254 lit
567 4203 605 4255 Μ
657 4204 691 4257 23
711 4203 813 4257 discere
833 4204 858 4256 A
931 4204 965 4257 ad
984 4220 1036 4259 orn.
1056 4206 1082 4257 A
1155 4204 1330 4274 catholicam]
1350 4200 1450 4257 catholi·
1516 4208 1517 4269 l

318 4306 376 4342 cam
395 4289 474 4343 iidem
490 4291 517 4344 R
589 4308 668 4345 nemo
688 4294 804 4346 transire
824 4292 883 4347 edd.
939 4293 974 4345 24
993 4291 1236 4362 permulgandisA
1292 4295 1325 4345 25
1344 4290 1450 4347 seruiunt
1516 4324 1517 4399 1

317 4376 427 4431 domino
447 4380 498 4432 PL
517 4380 578 4433 edd.
