3092 5217
273 514 338 577 610
655 513 682 567 S.
710 513 846 567 Aureli
875 514 1090 583 Augustini

223 702 261 765 17
317 705 388 771 Non
421 726 496 791 erga
533 712 662 792 prepter
693 709 796 773 malas
829 710 860 773 in
895 710 979 773 mela
1011 709 1207 775 dissensione
1243 730 1416 793 pereamus,

273 812 420 894 quemuis
447 818 573 879 ucenae
600 814 736 880 maiores
763 834 824 881 nan
849 820 1043 881 execrateres
1068 816 1223 883 malorum
1252 818 1308 883 scd
1332 838 1419 883 accu-

274 924 395 984 satores
417 920 634 987 innocentium
656 922 768 1001 fuisse,
793 924 821 989 si
839 924 960 999 uelitis,
984 924 1146 1007 passimus
1166 925 1343 989 ostendere.
1367 926 1419 989 sed
1528 910 1529 991 ξ

274 1026 466 1110 quicumque
484 1027 534 1091 ihi
553 1030 586 1092 et
604 1028 853 1113 qualescumque
871 1030 1000 1109 ineunt,
1024 1034 1152 1115 portent
1174 1031 1313 1096 sarcinas
1337 1050 1418 1095 suas.

274 1150 347 1197 ecce
375 1134 548 1216 scn'pturae
572 1153 766 1215 communes,
796 1156 868 1201 ecce
892 1137 949 1201 ubi
971 1138 1121 1203 nouimus
1145 1137 1322 1213 Chm'stum,
1350 1156 1420 1202 ecce
1448 1160 1459 1197 e

273 1237 329 1302 ubi
361 1238 510 1303 nouimus
543 1240 719 1305 ecclesiam.
755 1240 784 1305 si
817 1238 981 1307 Christum
1014 1243 1121 1325 ipsum
1153 1242 1281 1317 tenetis,
1319 1242 1421 1324 ipsam

273 1345 440 1410 ecclesiam
469 1364 565 1427 quare
596 1366 657 1412 nen
691 1348 827 1413 tenetis?
860 1349 888 1414 si
919 1349 952 1413 in
984 1350 1091 1433 ipsum
1119 1348 1293 1426 Christum,
1329 1367 1420 1429 quem
1528 1356 1529 1415 i

272 1449 382 1533 legitis
407 1455 439 1514 et
465 1470 527 1516 uon
555 1453 684 1531 uidetis,
712 1456 817 1519 tamen
846 1457 974 1537 propter
998 1454 1164 1519 ueritatem
1194 1454 1420 1537 scripturarum
1528 1452 1529 1533 i

273 1556 412 1634 creditis,
441 1577 537 1640 qnare
560 1559 728 1625 ecclesiam
751 1561 886 1645 negatis,
915 1580 1011 1643 quam
1035 1563 1067 1625 et
1093 1561 1201 1645 legitis
1226 1563 1258 1625 et
1280 1560 1422 1625 uidetis?

273 1663 351 1728 haec
383 1665 477 1729 uobis
506 1664 638 1733 dicenda
667 1669 700 1731 et
731 1666 771 1731 ad
803 1667 864 1731 hec
896 1667 1016 1733 benum
1048 1668 1135 1751 pacis
1164 1672 1196 1733 et
1226 1668 1363 1731 unitatis
1391 1670 1423 1731 et
1439 1692 1460 1729 n

274 1772 416 1837 caritatis
439 1792 499 1837 uns
524 1774 741 1857 compellenda
768 1773 890 1839 inimici
917 1774 1009 1839 uobis
1037 1774 1113 1839 facti
1141 1793 1252 1839 sumus
1276 1778 1310 1838 ct
1337 1793 1421 1838 mau-

274 1878 368 1957 datis‚
397 1880 471 1963 quia
494 1880 646 1945 occidetis
669 1898 738 1959 aas,
767 1880 823 1963 qui
850 1880 1019 1945 aieritatem
1048 1881 1141 1945 uobis
1165 1878 1304 1945 dicimus
1330 1885 1364 1945 et
1390 1881 1423 1945 in·

274 2004 377 2051 errore
391 2004 449 2051 uas
463 1988 575 2069 perire,
589 1991 745 2070 quantum
757 2006 941 2070 possumus,
957 2006 1019 2052 ncn
1035 1987 1259 2070 pennittimus.
1280 1986 1423 2052 uindicet

272 2112 330 2158 nos
349 2092 427 2158 deus
446 2093 485 2158 de
502 2094 607 2171 nabis,
631 2096 667 2159 ut
689 2094 796 2178 ipsum
815 2112 950 2159 errarem
969 2098 1112 2159 uestrum
1131 2093 1162 2157 iu
1182 2092 1276 2158 uobis
1297 2094 1422 2159 accidat

272 2202 306 2265 et
329 2200 495 2265 nobiscum
520 2200 558 2263 de
581 2200 716 2265 ueritate
740 2200 914 2285 gaudeatis.
938 2219 1039 2267 amen.
1437 2224 1458 2263 c
1528 2246 1529 2327 ἢ

808 2392 889 2459 CVI.

375 2531 521 2588 nonme
540 2532 673 2587 nanum
690 2532 847 2588 unusne
866 2531 1056 2587 nicaeam
1075 2514 1318 2589 incusamus.

317 2658 447 2737 Audiui,
480 2659 565 2742 qued
592 2658 750 2742 quendam
785 2658 1014 2725 subdiaconum
1047 2664 1192 2724 nostrum
1225 2660 1417 2742 rebaptizare

273 2766 425 2849 disponis.
464 2766 542 2841 nali;
581 2766 628 2831 sic
660 2765 718 2831 dee
751 2767 856 2842 uiues,
881 2766 926 2831 sic
960 2766 1018 2830 deo
1051 2766 1187 2847 placeas,
1221 2766 1267 2832 sic
1302 2766 1417 2832 Christi

274 2877 470 2939 sacramente
488 2892 548 2937 non
572 2872 707 2936 inaniter
728 2872 859 2951 habeas,
883 2872 931 2937 sie
949 2892 1011 2937 uon
1030 2872 1061 2936 in
1081 2874 1244 2937 aeternum
1264 2893 1282 2937 a
1301 2872 1457 2940 Christian

273 2998 402 3063 carpere
425 2978 587 3062 separen's.
617 2977 690 3054 nali,
718 2995 795 3061 rogo
824 2981 866 3055 te,
894 2977 1000 3055 frater,
1029 2996 1084 3059 pra
1112 2980 1144 3041 te
1168 2978 1238 3059 ipse
1261 2981 1294 3041 te
1317 2980 1416 3062 magis

273 3106 359 3171 mga.
380 3088 463 3152 certe
481 3085 650 3169 paululum
665 3083 808 3162 adtende,
828 3083 913 3167 quad
927 3083 1007 3150 dice.
1027 3082 1207 3149 Felicienus
1221 3083 1416 3149 Mustitauus

311 3332 373 3386 lin
391 3347 442 3385 am.
461 3330 490 3386 R
560 3329 773 3399 2quamuismi
795 3330 821 3383 A
894 3328 1112 3383 Sinncccntiam
1131 3330 1157 3382 A
1242 3330 1345 3384 uellitie
1362 3329 1416 3384 FA

301 3421 474 3489 'paeleumue
492 3418 530 3472 Μ
589 3420 779 3471 dcammunes
798 3418 947 3487 scripturae
966 3416 994 3471 R
1058 3418 1122 3471 Cet
1136 3423 1202 3486 past
1222 3436 1303 3487 quam
1321 3435 1371 3473 om.
1389 3418 1415 3471 R

275 3511 304 3563 ll
326 3526 376 3562 uos
395 3524 446 3562 am.
464 3506 608 3561 MFAac
698 3507 731 3560 12
750 3505 874 3561 occiditis
892 3522 942 3559 nos
961 3504 989 3559 A
1008 3504 1155 3559 occidimus
1174 3522 1222 3560 uas
1242 3506 1270 3560 P
1358 3507 1412 3577 qui]

273 3598 382 3668 quiaA
438 3593 885 3660 132n0,con.m.1erroreF
938 3595 970 3648 15
991 3610 1138 3648 menam.
1157 3594 1240 3649 Rae

378 3738 407 3791 P
432 3762 465 3783 =
485 3737 543 3792 cod.
564 3737 715 3791 Panaenus
731 3752 798 3789 aaa.
819 3752 876 3804 aeq.
896 3738 976 3790 1672
993 3753 1014 3789 s.
1033 3735 1089 3789 IX.

380 3828 406 3880 L
434 3853 467 3873 =
487 3826 545 3881 cod.
560 3825 776 3880 Laurentianus
788 3824 829 3879 st.
846 3824 943 3879 Crucis
957 3825 1030 3893 plat.
1045 3824 1144 3878 XVII
1155 3824 1242 3877 decta.
1256 3828 1277 3876 2
1290 3840 1312 3877 e.
1327 3825 1379 3877 XI.

385 3915 411 3968 V
433 3941 467 3962 =
487 3916 545 3973 cod.
569 3915 725 3970 Vaticanus
746 3917 805 3967 495
822 3930 843 3967 e.
863 3912 928 3967 XV.

384 4004 411 4059 U
434 4029 467 4050 =
487 4004 545 4058 cod.
569 4002 725 4057 Vaticanus
746 4004 805 4055 499
822 4018 844 4057 s.
863 4001 929 4055 XV.

362 4110 553 4166 Maaas‘cnsce
575 4110 648 4165 hanc
666 4109 814 4179 epistulam
835 4109 867 4163 ia
890 4107 1037 4163 Vaticanis
1059 4106 1261 4176 amandandus
1283 4111 1411 4176 repertam

269 4202 357 4270 primi
375 4200 527 4255 ediderunt.

311 4344 343 4396 17
363 4340 462 4395 dilecta
482 4341 559 4394 fratri
578 4340 604 4393 L
659 4340 693 4395 18
712 4340 905 4394 subdiaconem
919 4339 945 4391 L
995 4338 1029 4393 20
1047 4355 1101 4392 nau
1120 4324 1173 4391 nce
1191 4324 1257 4409 (aas
1275 4338 1325 4391 dci.
1344 4340 1408 4401 sal)

273 4432 301 4486 in
321 4435 457 4486 aeteruum
477 4430 521 4518 L⁸
