3092 5217
270 469 312 531 94
641 464 668 520 S.
696 463 833 518 Aureli
861 463 1079 532 Augustini

271 662 356 726 dicet
385 661 515 743 aliquis:
543 660 803 747 ‘Cognouerunt'
831 660 915 744 quod
945 660 1005 724 etsi
1035 661 1215 738 concedam,
1246 660 1339 724 etiam
1370 660 1411 724 sio
1525 613 1528 726 i

272 769 457 834 absentibus
498 769 610 851 utiquo
650 768 737 850 paroi
780 767 954 850 oportebat.
996 785 1098 850 neque
1141 767 1224 830 erim
1265 767 1412 830 iudicium
1527 749 1528 812 Ῑ

272 876 486 952 deseruerant,
514 875 569 939 ubi
597 894 770 956 numquam
805 875 930 939 omniuo
965 875 1264 949 constituentem
1294 874 1325 937 in
1356 873 1415 937 illis
1527 945 1528 964 χ

273 982 350 1046 solis
375 982 534 1064 episeopis
556 981 641 1046 Afris
667 985 733 1045 erat
756 981 901 1058 eeclesia,
925 983 963 1044 ut
986 999 1077 1044 omne
1102 979 1255 1045 iudicium
1276 980 1417 1044 ecclesia·
1527 977 1528 1050 ξ

273 1090 391 1153 sticum
418 1089 541 1153 ditasse
569 1089 763 1166 uiderentur,
793 1089 848 1170 qui
876 1107 910 1152 se
938 1087 1056 1160 iudicio
1087 1106 1196 1151 eorum
1224 1089 1452 1168 praesentares
1527 1085 1528 1088 ’

273 1195 462 1260 noluissent.
499 1195 590 1258 milis
626 1196 743 1278 quippe
781 1195 976 1278 collegarum
1013 1195 1222 1258 transmarina
1253 1193 1417 1264 restabant,

273 1303 328 1368 ubi
361 1302 534 1386 apparebat
565 1321 618 1367 eos
652 1301 788 1366 iudicari
821 1320 926 1384 posse,
956 1302 1010 1384 qui
1039 1301 1228 1364 uidebantur
1254 1299 1348 1364 Afros
1371 1300 1418 1362 uel
1494 1377 1495 1384 ἵ
1527 1295 1528 1358 3

273 1410 430 1474 Numidas
472 1410 611 1489 collegas
652 1408 769 1472 habere
812 1411 989 1491 suspectos.
1028 1407 1083 1471 ubi
1121 1409 1171 1470 ost
1207 1407 1301 1480 enim,
1340 1405 1418 1487 quod

276 1518 432 1600 scriptura
455 1517 585 1581 clamat:
614 1516 840 1596 Antequam
868 1515 1111 1598 interroges,
1139 1531 1184 1578 ne
1211 1512 1419 1595 uituperes

277 1626 586 1705 quemquamst,
615 1641 700 1688 oum
730 1621 1073 1706 interrogaueris,
1103 1619 1261 1700 corripe
1290 1617 1456 1682 iustelro

278 1731 306 1794 si
334 1751 407 1815 ergo
435 1750 491 1795 nec
520 1730 694 1813 uituperari
722 1749 780 1793 neo
810 1728 924 1812 corripi
953 1729 1012 1792 nisi
1041 1728 1270 1810 interrogatum
1294 1724 1420 1808 spiritus

278 1842 408 1901 sauctus
432 1837 547 1915 uoluit,
571 1840 688 1919 quanto
713 1836 900 1900 sceleratius
924 1855 984 1899 non
1008 1834 1181 1917 uituperati
1205 1835 1261 1898 aut
1280 1831 1420 1913 correpti,

279 1943 334 2007 sed
358 1945 483 2008 omnino
509 1943 648 2009 damnati
672 1947 756 2021 sunt,
782 1944 836 2024 qui
859 1941 897 2006 do
921 1942 989 2007 suis
1013 1941 1199 2006 criminibus
1218 1939 1298 2004 nibil
1317 1939 1423 2002 absen-

277 2054 328 2114 tes
350 2050 535 2134 interrogari
558 2053 745 2134 potueruut!

236 2152 277 2214 12
324 2156 386 2222 Sed
409 2161 515 2221 tamen
537 2156 603 2234 isti,
627 2156 682 2240 qui
705 2157 781 2220 lieet
803 2156 983 2222 absentium
1003 2159 1035 2219 et
1053 2171 1252 2236 nequaquam
1270 2150 1423 2215 iudicium
1440 2175 1461 2213 a

279 2263 504 2339 deserentium,
523 2264 600 2344 quia
622 2282 793 2346 nurnquam
819 2263 988 2327 adfuerunt
1011 2265 1043 2325 et
1065 2279 1190 2343 semper
1208 2258 1270 2323 sibi
1290 2275 1424 2321 cuneum

279 2368 371 2433 illum
399 2375 585 2453 suspectum
614 2389 685 2435 esso
715 2370 964 2446 declarauerunt,
997 2373 1102 2432 tamen
1136 2366 1262 2450 cognita
1295 2363 1424 2428 erimina

280 2476 445 2542 damnasse
474 2477 593 2551 dicunt,
622 2496 739 2559 quaeso
769 2497 838 2554 uos,
866 2477 979 2542 fratres
1006 2475 1078 2551 mei,
1109 2471 1287 2556 quomodo
1312 2489 1424 2553 eogno-

278 2587 414 2649 uorunt?
441 2586 654 2669 respondetis:
678 2585 869 2662 ‘Nescimus
894 2584 1017 2667 quando
1042 2582 1170 2666 quidem
1192 2581 1262 2663 ipsa
1286 2575 1424 2662 cognitio

280 2691 312 2754 in
344 2691 411 2756 illis
444 2693 544 2777 gestis
578 2693 734 2773 explicata
765 2712 827 2756 non
861 2694 932 2756 est’
960 2689 1016 2755 sed
1044 2709 1101 2772 ogo
1129 2687 1221 2752 uobis
1250 2683 1464 2754 ostendamso

281 2816 342 2879 quo
366 2797 459 2862 modo
485 2803 714 2882 cognouerunt.
738 2797 899 2863 adtendite
924 2815 1052 2861 causam
1075 2794 1191 2858 Felicis
1215 2787 1426 2874 Aptungitani

281 2909 313 2968 et
335 2904 437 2985 primo
460 2906 568 2988 legite,
589 2925 684 2987 quam
704 2904 958 2969 uehementiores
978 2903 1010 2966 in
1030 2920 1102 2966 eum
1120 2901 1258 2964 suerunt.
1283 2895 1330 2961 sio
1351 2913 1425 2979 ergo

280 3015 312 3075 et
340 3014 518 3076 ceterorum
547 3030 675 3076 cansam
700 3012 863 3088 nouerant,
888 3010 973 3074 siout
996 3009 1103 3084 boine,
1127 3007 1181 3089 qui
1203 3007 1317 3088 postea
1340 3003 1428 3066 inno-

281 3117 485 3182 centissimus
524 3117 666 3203 diligenti
704 3122 735 3182 et
770 3116 905 3181 terribili
940 3114 1147 3197 inquisitione
1179 3112 1331 3196 probatus
1367 3113 1426 3172 est.

280 3226 397 3307 quanto
435 3224 543 3306 itaque
579 3225 697 3290 iustius
736 3227 768 3288 et
804 3223 907 3288 tutius
945 3225 978 3286 et
1014 3221 1108 3286 eitius
1145 3220 1329 3285 innoeentes
1375 3234 1427 3278 eos
1445 3242 1469 3282 ss

370 3451 387 3503 9
405 3449 486 3503 Eccli.
509 3449 552 3515 11,
571 3449 586 3501 7

317 3573 419 3627 ldioit
436 3574 526 3628 MFA
545 3573 604 3628 edd.
620 3579 768 3642 praetereo
841 3573 891 3640 sio]
911 3572 935 3625 si
954 3571 983 3626 F
1071 3571 1304 3626 doonstituorant
1324 3571 1355 3634 (u
1376 3568 1428 3622 del.

280 3667 354 3728 m.2)
374 3663 403 3715 Ρ
471 3663 499 3716 in
518 3678 570 3716 om.
589 3661 620 3714 F
679 3662 868 3717 6noluisseut
885 3665 941 3731 (pr.
961 3679 977 3715 n
998 3678 1031 3715 ex
1049 3676 1118 3714 corr.
1137 3663 1212 3724 Μ)
1231 3657 1269 3712 M
1340 3659 1430 3728 milia}

279 3751 347 3805 mibi
370 3752 425 3806 alia
442 3751 532 3806 MFA
639 3751 861 3814 transmarinord,
884 3751 932 3806 sed
955 3769 969 3804 o
993 3751 1025 3803 ia
1046 3765 1103 3803 ras.
1128 3753 1153 3803 et
1175 3757 1207 3802 rd
1229 3765 1251 3804 s.
1271 3765 1299 3804 a.
1318 3753 1387 3802 Μ
1406 3747 1433 3801 Ρ
1529 3749 1530 3806 l

282 3841 426 3895 lindissre
436 3841 525 3894 MFA
568 3841 599 3895 ll
616 3858 680 3909 ergo
695 3857 729 3894 ne
741 3843 822 3906 (corr.
836 3845 896 3894 m.1
911 3842 969 3906 nec)
980 3839 1017 3892 M
1057 3839 1089 3892 12
1102 3835 1431 3908 corruptiMleorr.m.1
1529 3861 1530 3898 r

281 3930 408 4000 correpti)
426 3930 457 3983 F
510 3930 543 3982 14
560 3930 728 4000 interrogare
746 3929 837 3984 MFA
893 3930 925 3984 16
944 3929 1123 3982 deferentium
1141 3926 1172 3981 F
1224 3927 1269 3996 qui
1289 3943 1430 3996 umquam.

280 4021 346 4072 Μ
364 4019 407 4072 oui
426 4035 543 4086 unquam
561 4018 589 4072 P
642 4035 755 4073 cuneum
775 4021 802 4072 in
821 4019 898 4072 illurn
915 4018 952 4071 M
968 4018 1007 4087 (in
1027 4017 1089 4080 del.)
1108 4015 1163 4070 FA
1209 4017 1243 4070 17
1263 4014 1431 4076 declarrunt,
1529 4063 1530 4074 ,

282 4124 350 4160 corr.
369 4111 430 4161 sal
448 4095 653 4161 deolsrauerunt
670 4108 707 4161 M
810 4107 842 4161 18
862 4107 1011 4161 dicmnesse
1030 4107 1122 4172 (ried),
1142 4121 1211 4158 corr.
1230 4121 1265 4158 m.
1284 4110 1317 4158 ut
1334 4103 1397 4158 uid.
1419 4108 1432 4156 1

281 4196 422 4250 damnasse
439 4197 477 4250 M
493 4214 522 4250 se
541 4195 683 4251 damnasse
700 4199 805 4264 flrm;
826 4197 967 4251 damnasse
986 4195 1041 4250 se?
1117 4196 1152 4249 20
1170 4197 1199 4249 in
1217 4195 1272 4248 illis
1291 4194 1386 4264 gentis
1405 4192 1435 4246 F

282 4287 310 4339 in
330 4285 386 4338 illis
404 4285 432 4338 in
451 4285 518 4354 ipsis
538 4285 629 4354 gentis
642 4285 680 4339 M
726 4287 758 4339 21
781 4285 961 4338 autumnitani
980 4283 1059 4338 codd.
1079 4300 1121 4338 oo
1175 4283 1209 4336 22
1230 4283 1261 4344 si,
1281 4285 1343 4335 ιη]
1358 4297 1432 4336 corr.

281 4376 320 4429 sio
337 4373 368 4428 F
419 4375 453 4428 25
472 4373 560 4427 tutius
578 4377 635 4442 (pr.
654 4391 672 4428 u
691 4391 724 4427 aa
741 4388 810 4428 coar.
829 4377 903 4440 Μ)
923 4374 951 4426 Ρ
968 4373 1041 4426 atius
1060 4371 1091 4426 F
1106 4372 1205 4426 utilius
1221 4369 1249 4426 R
