3092 5217
284 469 348 532 472
645 465 671 519 S.
699 465 838 520 Aureli
864 463 1084 535 Augustini

284 660 484 738 desertae,
524 659 655 744 magis
693 677 809 741 quom
848 659 947 740 eius,
990 677 1092 742 quae
1128 659 1254 726 habet
1290 660 1421 738 uirum,
1514 678 1515 747 j

284 785 480 849 praeponens
495 764 733 831 multitudinem
750 764 1004 830 Christianorum
1017 765 1219 832 multitudini
1233 765 1423 843 Iudaeomm,

285 872 312 937 si
344 872 463 938 Christi
493 872 630 938 ecelesia
657 875 707 938 est
738 872 885 955 paucitas
912 877 1054 937 uestra’?
1086 873 1198 938 hocine
1225 873 1291 939 illis
1319 872 1425 939 dietari
1514 868 1515 925 l

286 979 378 1044 estis:
417 979 501 1044 ‘Ideo
539 979 643 1063 magis
679 976 759 1044 iusti
797 997 921 1058 sumus,
959 979 1033 1061 quia
1067 980 1162 1062 pauoi
1198 988 1334 1060 sumus',
1374 999 1425 1046 neo

285 1085 458 1152 adtenditis
489 1105 543 1152 eos
571 1103 794 1168 responsuros:
828 1074 1005 1165 ‘Quotlibet
1031 1105 1091 1152 uos
1119 1104 1190 1151 esse
1218 1087 1345 1165 dicatis,
1370 1107 1461 1153 none
1514 1070 1515 1135 ἶ

284 1195 390 1259 tamen
407 1192 484 1258 estis
500 1192 558 1270 illi,
576 1192 747 1275 dequibus
764 1192 965 1258 dictumest:
984 1193 1107 1257 Multi
1126 1192 1213 1257 lilii
1233 1194 1425 1259 desertae.

286 1300 402 1364 sitam
427 1298 532 1384 exigui
554 1318 685 1365 numero
708 1299 941 1364 remansistis'?

218 1413 258 1478 27
329 1407 391 1472 Hio
423 1409 459 1471 tu
488 1407 693 1491 oppositurus
728 1425 761 1471 as
794 1407 974 1490 exemplum
1006 1406 1085 1471 iusti
1115 1407 1204 1472 illius
1235 1407 1425 1474 inediluuio.

286 1513 341 1596 qui
365 1533 437 1578 oum
462 1513 555 1578 domo
580 1530 639 1580 sua
662 1512 751 1578 solus
775 1511 903 1577 liberari
925 1512 1042 1597 diguus
1072 1513 1223 1579 inuentus
1246 1517 1306 1579 est.
1343 1513 1427 1578 uides
1514 1540 1515 1543 ¹

286 1639 371 1704 ergo,
406 1620 509 1684 adhue
541 1639 635 1702 quam
668 1619 762 1704 louge
796 1619 841 1684 sis
875 1637 893 1683 a
924 1620 1070 1686 iustitia?
1102 1639 1232 1702 prorsus
1265 1621 1363 1686 donee
1392 1620 1427 1684 ad
1443 1648 1464 1687 ro

285 1731 408 1808 septem
431 1744 604 1805 remaneas,
628 1726 745 1810 quibus
769 1728 806 1790 tu
830 1725 876 1791 sis
900 1729 1045 1803 ootauus,
1073 1726 1196 1792 iustum
1223 1730 1256 1792 ts
1280 1746 1425 1793 essenon
1514 1774 1515 1793 ,

286 1833 432 1911 dicimus,
452 1833 481 1898 si
494 1835 601 1898 tamen
616 1852 676 1898 non
691 1832 789 1898 istam
802 1833 971 1912 iustitiam,
986 1833 1073 1899 siout
1086 1832 1241 1912 dicebam,
1260 1833 1428 1918 praeripuit
1514 1848 1515 1919 ᾗ

286 1938 402 2022 aliquia
426 1944 499 2004 ante
527 1943 649 2024 partem
673 1939 791 2006 Donati
814 1943 847 2004 ot
870 1959 942 2004 oum
971 1940 1039 2005 s‘uis
1068 1942 1192 2024 septem
1217 1940 1305 2006 iusta
1327 1941 1427 2022 aliqua
1514 1936 1515 2021 ξ

286 2065 383 2113 causa
406 2051 585 2112 commotus
614 2065 648 2112 se
677 2047 771 2132 longa
800 2046 877 2112 alibi
905 2047 1066 2129 separauit
1094 2052 1127 2112 et
1154 2066 1173 2112 a
1198 2047 1310 2112 mundi
1337 2047 1425 2112 huius
1514 2030 1515 2095 ἶ

286 2153 408 2220 diluuio
430 2153 590 2220 liberauit
615 2153 699 2237 quod
723 2173 798 2218 oum
820 2153 976 2238 ignoretis
1000 2173 1039 2218 an
1063 2155 1184 2220 laetum
1205 2155 1250 2219 sit
1272 2157 1366 2236 atque
1387 2154 1427 2218 ita
1443 2178 1463 2218 a

287 2261 379 2325 uobis
420 2259 611 2336 inauditum,
659 2260 744 2325 sieut
783 2260 896 2325 multis
940 2261 1069 2344 populis
1110 2260 1361 2326 Christianorum
1399 2260 1426 2324 in
1514 2310 1515 2335 2

286 2367 468 2452 longinquis
500 2367 594 2432 terris
623 2367 871 2432 constitutorum
894 2385 1007 2433 nomon
1031 2367 1148 2433 Donati
1171 2367 1351 2432 inauditum
1373 2372 1426 2440 est,

285 2475 396 2539 incerti
429 2473 518 2550 estis,
551 2473 607 2539 ubi
640 2473 685 2538 sit
716 2473 861 2542 eeclesia.
902 2473 946 2539 ibi
980 2473 1064 2538 onim
1097 2474 1166 2552 erit,
1203 2473 1259 2538 ubi
1295 2473 1425 2556 primum
1514 2548 1515 2551 Ἴ

286 2581 415 2646 forsitan
444 2579 649 2656 factumest,
677 2580 763 2663 quod
790 2582 902 2664 postea
923 2599 984 2644 uos
1007 2580 1142 2659 feoistis,
1172 2581 1200 2645 si
1228 2581 1336 2664 potuit
1361 2599 1426 2645 esse

285 2687 353 2752 ulla
383 2687 470 2754 iusta
497 2707 603 2767 eausa,
638 2705 698 2770 qua
730 2707 791 2754 uos
819 2707 837 2752 a
869 2688 1091 2754 communione
1118 2687 1260 2754 omniurn
1293 2688 1425 2772 gentium
1441 2712 1462 2750 eo

286 2813 430 2878 separare
453 2794 602 2880 possetis.

152 2910 197 2974 IX
219 2909 261 2973 28
330 2901 397 2966 Nos
427 2904 535 2967 autom
563 2901 635 2968 ideo
665 2902 743 2968 oorti
772 2921 884 2968 sumus
913 2902 1072 2968 neminem
1103 2921 1138 2968 so
1165 2921 1183 2967 a
1213 2903 1425 2968 communione

287 3007 428 3072 omnium
457 3009 601 3093 gentium
629 3008 714 3074 iuste
743 3027 889 3090 separare
921 3007 1076 3093 potuisse,
1109 3009 1273 3091 quianon
1300 3008 1425 3092 quisque

286 3118 430 3179 nostrum
465 3115 498 3180 in
536 3134 595 3181 sua
631 3115 756 3181 iustitia
793 3115 849 3181 sed
885 3115 917 3180 in
957 3115 1125 3199 seripturis
1157 3115 1274 3181 diuinis
1311 3115 1426 3200 quaerit

286 3221 452 3286 ecelesiam
476 3224 518 3302 ot,
542 3225 579 3288 ut
601 3222 758 3306 promissa
781 3226 840 3304 ost,
863 3221 953 3288 reddi
976 3222 1143 3304 eonapieit.
1184 3223 1256 3307 ipsa
1277 3228 1329 3288 est
1349 3223 1424 3288 euim
1439 3242 1462 3282 a

375 3446 392 3500 8
413 3445 478 3500 Gen.
498 3447 523 3511 7,
545 3449 631 3502 1-23

322 3571 339 3624 3
357 3568 470 3624 hoooine
490 3569 595 3625 CNRL
613 3569 675 3624 edd.
694 3571 745 3624 hoo
764 3588 798 3625 ue
816 3572 844 3625 A
862 3571 966 3635 hacine,
984 3574 1050 3626 Μ
1067 3571 1179 3626 heccine
1196 3571 1225 3625 P
1312 3573 1329 3626 5
1347 3569 1424 3641 quod·

285 3657 363 3722 libet,
383 3661 450 3716 m.2
468 3659 605 3729 quotlibet
622 3659 686 3714 MP
702 3660 846 3730 quodlibet
864 3659 1053 3727 ACNRuef
1129 3677 1179 3714 nos
1197 3675 1249 3714 om.
1268 3660 1296 3714 A
1363 3661 1423 3728 non]

286 3747 382 3802 neoP
471 3747 603 3817 'larigna
622 3748 649 3803 L
739 3750 913 3820 8positurar
931 3751 959 3802 A
1043 3747 1120 3802 illius
1137 3748 1204 3802 iusti
1221 3748 1259 3802 M
1339 3748 1422 3819 quiin

287 3835 390 3892 diluuio
408 3837 437 3892 R
538 3839 571 3894 10
589 3855 670 3908 quam
689 3839 771 3909 longa
790 3839 879 3893 adhue
897 3838 935 3892 sis
952 3837 981 3894 R
999 3853 1082 3907 quam
1100 3837 1183 3907 longe
1201 3838 1240 3891 sis
1258 3837 1344 3892 adhue
1361 3838 1424 3891 lrsr

322 3943 460 3982 remaneas
479 3927 514 3983 ad
532 3932 636 4000 septem
655 3931 682 3986 ll
755 3929 801 3998 ad]
822 3927 883 3982 aG
950 3929 980 3982 ll
1001 3925 1097 3981 redeas
1114 3925 1142 3981 L
1215 3929 1249 3981 12
1266 3944 1319 3981 non
1336 3926 1421 3993 irtanr]

286 4015 368 4070 istam
387 4015 414 4069 L
431 4015 500 4070 haue
518 4016 546 4072 R
664 4017 816 4072 didicebsm
835 4017 863 4070 A
881 4015 936 4070 dixi
954 4015 982 4070 R
1102 4015 1264 4086 praeripuit]
1283 4031 1336 4068 nou
1352 4029 1422 4084 prae·

287 4104 372 4175 ripnit
389 4103 416 4158 L
434 4111 621 4176 prerumperet
638 4105 666 4162 R
731 4107 765 4162 16
783 4105 862 4160 nobis
881 4105 908 4159 A
972 4104 1005 4158 1?
1023 4104 1115 4174 longis
1132 4103 1167 4158 N
1227 4103 1260 4158 18
1279 4104 1347 4158 eninr
1364 4100 1421 4170 erit]

289 4197 331 4246 est
349 4194 419 4247 enim
438 4193 472 4248 'N
561 4195 593 4249 19
611 4195 741 4258 forsitan,
760 4197 827 4248 Μ
843 4192 1004 4248 forsitanO
1073 4193 1109 4247 22
1127 4193 1196 4246 certi
1214 4209 1304 4247 sumus
1321 4189 1421 4245 ideoB

322 4281 384 4336 ideo
403 4281 500 4336 orraL
567 4285 602 4338 23
623 4284 807 4353 separasseL
880 4282 1003 4352 quisquis
1021 4281 1048 4335 L
1119 4279 1155 4335 24
1173 4280 1202 4335 in
1221 4298 1272 4335 om.
1289 4280 1317 4336 R
1381 4279 1420 4330 iu·

287 4371 365 4426 stitia
383 4387 432 4425 sua
450 4370 476 4424 L
494 4371 555 4428 edd.
617 4373 651 4426 25
670 4371 802 4442 promissa
820 4369 897 4426 reddi
915 4371 978 4440 (om.
997 4373 1060 4438 est),
1076 4372 1145 4425 Μ
1162 4371 1295 4440 promissa
1310 4365 1381 4423 reddi
1398 4365 1424 4418 P
