3092 5217
448 508 716 577 epistularum
744 506 877 562 LXXXII.
1069 478 1074 485 ι
1175 513 1237 575 377

107 704 211 768 Paulus
243 703 390 768 occurrit.
422 702 463 781 ad
493 703 600 786 ipsum
628 703 787 787 confugio,
817 704 856 767 ad
883 704 990 787 ipsum
1018 706 1055 768 ab
1081 705 1237 781 omnibus

107 811 152 893 qni
188 810 272 874 alind
313 809 481 887 sentiunt„
504 810 683 873 litteramm
720 810 790 875 eius
827 810 1053 875 tractatoribus
1089 830 1237 893 pronoen,

106 916 197 997 ipsum
227 916 435 1009 interrogans
452 916 619 997 interpello
647 919 680 979 et
707 914 832 997 requiro
862 916 893 979 in
923 934 970 994 eo,
1001 916 1085 998 qnod
1109 917 1239 1001 scripsit

106 1021 138 1084 ad
166 1021 291 1087 Galatas
327 1022 451 1086 uidisse
487 1040 521 1086 se
552 1021 684 1086 Petrum
720 1040 782 1087 non
819 1026 905 1087 recte
937 1022 1166 1106 ingredientem
1200 1023 1238 1087 ad

85 1128 256 1192 sncnutem
283 1128 443 1211 euangelii
471 1128 563 1209 eique
589 1127 622 1191 in
648 1126 763 1191 taciem
782 1130 948 1210 propterea
967 1128 1134 1207 restitisse,
1154 1128 1239 1211 qnod

106 1235 152 1297 illa
190 1234 395 1299 simulatione
436 1237 548 1318 gentes
589 1233 748 1299 iudaizare
791 1232 935 1318 cogebat,
978 1238 1085 1299 utrum
1127 1254 1237 1300 uerum

108 1340 262 1422 scripserit,
290 1358 329 1404 an
357 1339 439 1405 forte
461 1341 568 1404 nescio
593 1358 655 1421 qna
679 1340 897 1423 dispensatius
919 1341 1059 1407 falsitate
1085 1341 1238 1407 mentitus

108 1448 150 1509 sit.
178 1450 209 1511 et
233 1446 328 1511 audio
356 1447 451 1530 paulo
479 1447 626 1529 superins
654 1448 685 1510 in
716 1447 859 1512 eiusdem
892 1447 1079 1513 narrationis
1112 1448 1237 1513 exordio

107 1553 240 1637 religiosa
260 1572 342 1618 uoce
363 1552 445 1617 mihi
464 1552 669 1618 clamantem:
693 1552 795 1633 Quae
820 1556 944 1619 autem
969 1554 1093 1619 scribo
1116 1554 1236 1632 uobis,

77 1689 94 1725 n
109 1679 179 1724 eccs
201 1678 322 1725 coram
347 1660 426 1738 deo,
451 1659 633 1742 quianon
657 1660 832 1725 mentior.

47 1758 75 1819 25
142 1767 218 1831 Dent
248 1766 376 1831 uoniam
409 1766 545 1849 quilibet
577 1766 664 1830 alind
697 1767 878 1849 opinantes;
918 1786 976 1851 ego
1008 1768 1111 1853 magis
1145 1768 1236 1833 credo

107 1879 181 1938 tanto
203 1874 347 1956 apostolo
371 1874 403 1937 in
427 1872 495 1937 suis
520 1877 552 1937 et
573 1892 629 1955 pro
653 1874 721 1938 suis
739 1874 857 1939 litteris
875 1873 992 1939 iuranti
1011 1894 1104 1956 qnam
1125 1875 1237 1958 cuique

108 1980 274 2045 doctissimo
308 1980 348 2045 de
376 1980 488 2045 alienis
515 1981 632 2045 litteris
662 1980 849 2063 disputanti.
882 2000 940 2046 nec
973 1982 1036 2045 dici
1066 1982 1163 2048 timeo
1192 1983 1238 2047 sic

106 2087 224 2153 Paulum
256 2087 433 2166 defendere,
467 2088 551 2171 quod
583 2107 644 2152 non
677 2088 837 2153 simularit
869 2107 1003 2153 errorem
1036 2088 1236 2175 Indaeorum,

76 2194 242 2260 ssaduere
265 2195 417 2260 fueritin
442 2214 554 2273 errore,
579 2195 728 2277 quoniam
757 2214 859 2277 neque
888 2195 1058 2261 simulabat
1091 2213 1236 2265 errorem

106 2304 150 2383 qni
174 2301 316 2367 libertate
346 2302 531 2384 apostolica,
561 2302 647 2367 sicut
669 2302 717 2365 illi
740 2302 876 2385 tempori
901 2302 1104 2386 congruebat,
1128 2306 1238 2367 uetera

105 2409 151 2471 illa
175 2412 376 2484 sacramenta,
405 2409 462 2473 ubi
490 2427 571 2490 opus
600 2411 676 2482 crat,
705 2408 826 2492 agendo
851 2406 1094 2473 commendabat
1117 2427 1153 2472 ea
1176 2428 1236 2473 non

106 2519 216 2579 saunas
247 2516 391 2581 uersutia
423 2514 617 2597 decipiendis
650 2514 833 2580 hominibus
866 2514 923 2579 sed
956 2514 1006 2579 dei
1038 2515 1237 2597 prouidentia

105 2622 344 2703 praenuntiandis
376 2623 471 2686 rebus
504 2622 621 2686 futuris
654 2622 837 2705 prophetice
866 2623 1048 2698 constituta,
1077 2640 1134 2686 nec
1162 2640 1237 2686 uere

72 2727 194 2793 soluerat
227 2731 258 2793 in
297 2748 400 2793 errore
433 2728 634 2809 ludaeorum,
671 2728 726 2809 qui
764 2747 825 2792 uon
863 2728 966 2792 solum
1003 2732 1143 2805 nouerat,
1182 2728 1236 2792 sed

105 2835 186 2899 etiarn
203 2836 358 2901 instanter
380 2840 412 2901 et
435 2835 548 2900 acriter
569 2834 772 2918 praedicabat
796 2854 848 2899 eos
874 2853 985 2912 errare,
1005 2835 1060 2916 qui
1082 2836 1237 2918 putabant

106 2942 237 3023 gentibus
277 2943 456 3026 inponenda
497 2942 551 3007 nel
592 2941 813 3007 iustificationi
856 2960 1054 3025 quorumque
1094 2941 1236 3005 fidelium

104 3066 275 3115 neccssaria.

179 3298 1048 3377 rffiamnsmrmmmmmm

133 3535 286 3606 lconingio
307 3536 341 3590 ad
360 3538 450 3607 ipsum
468 3554 519 3591 cris.
538 3538 566 3590 A
666 3536 711 3604 ad]
732 3552 748 3589 a
766 3537 786 3589 I
873 3536 890 3588 2
910 3534 975 3603 qnid
995 3534 1069 3589 aliud
1089 3534 1151 3589 MR
1170 3537 1234 3605 quia

103 3606 1230 3693 MAsmmfflammHomMMwme

103 3711 204 3777 gebatur
219 3713 248 3767 P
332 3714 433 3767 uerol
505 3715 586 3782 lan]
607 3717 671 3766 ante
690 3712 717 3765 A
804 3712 988 3782 dispensatius
1006 3711 1035 3765 P
1104 3712 1233 3782 Studio]

104 3799 171 3854 audio
188 3818 247 3856 eum
268 3802 331 3857 cdd.
404 3800 521 3865 exordio,
539 3803 571 3854 in
588 3818 674 3870 marp.
694 3800 815 3854 initioI
864 3800 967 3854 9mibi
986 3817 1053 3854 uoce
1070 3800 1124 3853 HI
1179 3800 1234 3853 cla-

103 3894 180 3943 mante
198 3896 242 3955 (m
260 3894 328 3945 Μ
346 3890 412 3944 add.
432 3896 483 3944 act
499 3889 705 3960 inductumlP¹
777 3888 865 3943 scribo
885 3890 962 3943 nobis
981 3906 1032 3943 om.
1047 3890 1074 3943 A
1130 3890 1163 3943 12
1179 3890 1234 3942 cui-

105 3993 172 4044 qnam
189 3980 247 4033 edd.
264 3985 407 4049 praetera
463 3979 495 4033 13
514 3978 671 4033 doctissime
689 3978 777 4031 PMA
839 3978 982 4048 deputanti
1000 3978 1034 4031 H
1095 3976 1162 4031 dicit
1176 3978 1234 4031 HA

131 4066 218 4137 timeo]
237 4069 323 4122 timeo
342 4084 423 4122 mom
512 4068 562 4137 sic]
582 4068 643 4120 sil
714 4068 747 4121 15
771 4066 948 4121 simulabit}
1022 4068 1054 4121 16
1078 4066 1234 4120 liuertatem

104 4156 299 4222 apostolicsml
351 4158 384 4212 19
402 4156 613 4227 pronuntiandis
628 4156 645 4209 l
661 4156 695 4210 ab
714 4156 904 4210 renuntiandis
916 4157 944 4211 R
1016 4156 1233 4209 conscenstitnta

106 4249 227 4311 lmcnns
246 4248 330 4313 eras.)
349 4246 376 4297 I·
437 4246 550 4299 naraH
601 4245 637 4300 20
656 4246 702 4315 qui
720 4251 787 4298 n¹sir
806 4245 893 4299 solnm
912 4232 1232 4309 noseratl'ctaeel-

104 4346 132 4384 a.
146 4339 175 4385 al
189 4335 247 4388 sid.
266 4338 299 4398 23
313 4333 376 4402 fait
394 4336 440 4404 qui
458 4352 512 4388 non
532 4335 619 4389 solnm
637 4334 762 4405 nouerat)
781 4334 818 4388 ΡΙ
905 4335 962 4404 qni]
984 4334 1047 4403 qnia
1065 4334 1117 4387 Ηῐ
1186 4350 1233 4386 uo·

105 4417 169 4475 terat
185 4423 214 4475 Η
280 4424 315 4476 21
336 4426 463 4493 putarent
482 4423 531 4477 ffl
602 4424 637 4477 22
658 4440 802 4492 coramque
822 4422 854 4475 H
871 4438 1098 4493 quorumcumque
1117 4421 1153 4475 P¹
1173 4422 1232 4475 edd.
