3092 5217
487 510 757 579 epistularum
788 509 867 565 CXX.
1190 513 1253 576 709

102 705 238 769 stantiae
261 707 356 786 atque
380 703 486 786 aliqua
512 707 602 786 parte
626 703 816 768 dissimilem
840 706 872 768 et
896 723 932 768 eo
956 705 1049 769 modo
1074 704 1252 770 inferiorem

101 811 249 892 spiritum
287 814 445 889 sanctum,
481 810 622 893 itemque
654 810 720 888 illa,
755 829 835 892 quae
875 811 1034 893 persuasit
1064 815 1188 894 patrem
1221 817 1253 878 et

100 917 202 981 filium
226 917 321 983 unius
345 917 562 999 eiusdemque,
586 917 733 999 spiritum
757 936 832 983 uero
858 920 1003 983 sanetum
1027 918 1157 983 alterius
1182 939 1252 984 esse

101 1024 310 1101 substantioe¹
334 1043 396 1088 non
419 1024 502 1101 ideo,
526 1024 602 1106 quia
624 1023 704 1089 ratio
724 1027 784 1102 est,
810 1023 866 1088 sed
885 1024 960 1109 qnia
983 1024 1064 1089 salsa
1087 1025 1167 1090 ratio
1192 1030 1251 1108 est,

69 1129 242 1195 aeanenda
264 1133 297 1193 et
319 1130 506 1195 detestanda
529 1129 661 1195 dicenda
684 1135 743 1196 est.
768 1130 797 1194 si
821 1134 928 1196 autem
951 1131 1030 1195 ratio
1055 1150 1131 1196 uera
1155 1137 1250 1208 esset,

98 1254 159 1300 non
183 1236 296 1320 utique
320 1239 466 1303 errasset.
499 1240 690 1320 quapropter
717 1237 803 1300 sicut
826 1256 886 1301 non
911 1237 982 1301 ideo
1007 1237 1102 1303 debes
1126 1256 1251 1303 omnem

99 1342 202 1407 uitare
235 1361 422 1420 sermonem,
456 1344 530 1425 quia
558 1345 607 1407 est
640 1346 672 1408 et
703 1361 807 1408 sermo
841 1343 953 1422 salsus,
986 1343 1032 1408 ita
1064 1362 1125 1408 non
1154 1344 1250 1410 debes

98 1467 226 1513 omnem
253 1449 355 1513 uitare
388 1448 553 1526 rationem,
583 1449 658 1531 quia
685 1453 736 1514 est
763 1454 795 1514 et
827 1449 908 1514 falsa
939 1449 1029 1514 ratio.
1063 1452 1121 1516 hoc
1152 1455 1185 1515 et
1213 1452 1250 1518 de

96 1555 254 1639 sapientia
282 1555 426 1632 direrim;
460 1575 561 1639 neque
590 1556 673 1621 enim
700 1559 868 1640 propterea
895 1557 1051 1641 sapientia
1081 1557 1252 1622 deuitanda

57 1691 80 1728 ιο
98 1665 159 1737 est,
194 1660 269 1742 qnia
301 1665 351 1726 est
382 1664 415 1726 et
445 1662 526 1726 falsa
565 1661 729 1744 sapientia,
764 1661 817 1726 oui
850 1662 989 1726 stultitia
1021 1665 1071 1727 est
1103 1661 1249 1728 Christus

97 1767 278 1845 crucifixus,
303 1768 357 1850 qui
381 1775 443 1832 est
467 1768 531 1832 dei
558 1768 696 1833 uirtus
720 1771 759 1832 et
784 1767 847 1832 dei
871 1769 1091 1851 sapientia,
1122 1772 1154 1834 et
1175 1769 1247 1834 ideo

97 1893 167 1954 per
208 1874 289 1938 hanc
332 1874 564 1939 stultitiam
606 1873 937 1957 praedicationis
979 1875 1141 1958 placuit
1177 1875 1247 1939 deo

97 1981 241 2045 saluos
273 1981 409 2046 iacere
442 1981 668 2061 eredentes,
702 1981 901 2063 quoniam,
936 1981 1040 2064 qnod
1073 1981 1247 2046 stultum

96 2090 161 2152 cst
199 2087 274 2166 dei,
313 2087 546 2169 sapientius
580 2091 643 2152 est
679 2087 926 2155 hominibus.
964 2088 1024 2152 hoo
1057 2087 1247 2170 quibusdam

56 2225 78 2265 u
95 2193 359 2278 philosophorum
380 2200 413 2258 et
431 2197 591 2260 oratorum
613 2212 675 2258 non
698 2213 807 2259 ueram
829 2194 916 2259 uiam
941 2193 996 2258 sed
1019 2193 1087 2258 ueri
1110 2194 1247 2259 similem

96 2299 295 2364 sectantibus
319 2303 352 2364 et
378 2299 410 2362 in
439 2318 476 2364 ea
503 2318 537 2363 se
564 2300 652 2381 ipsos
680 2299 824 2382 aliosque
852 2299 1036 2365 fallentibus
1064 2300 1247 2382 persuaderi

94 2424 156 2470 non
185 2405 302 2487 potnit,
327 2405 517 2487 quibusdam
545 2424 619 2471 uero
644 2423 753 2471 eornm
781 2405 898 2488 potuit.
929 2406 1101 2489 atquibus
1129 2407 1246 2489 potuit,

93 2530 198 2593 neque
227 2511 411 2576 scandalum
440 2513 491 2575 est
518 2511 664 2577 Christus
694 2511 861 2577 crucifixus
894 2531 994 2597 neque
1028 2512 1180 2591 stultitia;
1213 2513 1244 2578 in

95 2618 142 2682 his
171 2618 253 2682 enim
281 2623 366 2697 sunt,
395 2619 511 2701 quibus
539 2618 703 2684 uocatis
731 2619 896 2683 ludaeis
926 2623 965 2683 et
989 2618 1158 2684 Graecis
1181 2619 1245 2684 dei

51 2767 75 2801 ,θ
93 2726 234 2790 uirtus
259 2728 321 2789 est
344 2730 384 2790 et
407 2726 471 2790 dei
496 2725 713 2809 sapientia.
742 2725 774 2789 in
798 2745 860 2807 qua
883 2725 946 2804 uia,
970 2727 1003 2790 id
1026 2729 1076 2790 est
1096 2726 1127 2790 in
1153 2726 1244 2792 cuius

92 2831 215 2896 Christi
242 2831 381 2896 crucifixi
413 2833 485 2910 fide,
514 2832 569 2915 qui
597 2833 666 2896 eius
694 2831 917 2897 rectitudinem
949 2852 1004 2915 per
1032 2832 1082 2897 dei
1110 2833 1244 2915 gratiam

91 2937 358 3021 comprehendere
380 2943 561 3021 potuerunt,
591 2942 624 3003 et
646 2939 675 3002 si
696 2938 881 3022 philosophi
904 2938 1055 3022 appellati
1079 2941 1153 3002 sunt
1175 2939 1243 3005 siue

91 3047 245 3123 oratores,
282 3046 423 3128 profecto
462 3045 577 3110 humili
613 3045 732 3129 pietate
765 3045 904 3110 confessi
941 3049 1016 3110 sunt
1051 3046 1113 3111 sibi
1148 3046 1243 3130 longe

90 3150 299 3217 excellentius
328 3153 361 3216 in
385 3172 421 3217 ea
448 3152 549 3218 fuisse
577 3153 723 3234 praenios
753 3153 929 3234 piscatores
957 3171 1018 3216 non
1050 3153 1154 3217 solum
1179 3172 1243 3217 cre·

48 3288 73 3328 25
90 3256 188 3322 dendi
215 3257 398 3323 firmissimo
427 3261 538 3326 robore
565 3279 677 3324 uerum
706 3259 802 3323 etiam
830 3257 1037 3344 intellegendi
1065 3259 1242 3324 certissima

89 3365 238 3432 ueritate.
276 3385 348 3430 cum
385 3367 469 3430 enim
507 3366 693 3431 didicissent
730 3366 770 3431 ad
806 3365 867 3430 hoc
900 3367 1001 3430 electu
1033 3385 1103 3431 esse
1142 3366 1242 3430 stulta

88 3470 204 3535 mnndi
223 3474 255 3535 et
276 3471 412 3550 infirma,
435 3475 474 3536 ut
496 3472 653 3554 sapientia
671 3471 938 3537 confunderentur
961 3475 993 3536 et
1015 3471 1118 3550 sortia,
1144 3490 1241 3554 seque

89 3577 319 3661 cognouissent
341 3579 497 3643 fallaciter
519 3597 629 3662 sapere
649 3583 681 3643 et
697 3578 890 3643 inbecilliter
907 3579 1098 3660 praeualere,
1117 3578 1241 3642 confusi

89 3682 263 3748 salubriter
299 3685 374 3749 lacti
407 3690 481 3750 sunt
519 3685 611 3749 stulti
644 3687 676 3749 et
706 3685 834 3761 infirmi,
872 3687 909 3748 ut
944 3703 1000 3767 per
1039 3683 1175 3748 stultum
1209 3687 1241 3749 et

183 3855 249 3910 101
267 3856 327 3912 Cor.
349 3856 373 3920 1,
394 3856 440 3921 18;
460 3857 508 3922 24;
529 3858 577 3922 21;
597 3858 632 3912 25
689 3858 722 3911 19
740 3856 755 3911 Ι
773 3855 835 3912 Cor.
857 3858 880 3924 1,
900 3859 935 3912 24
994 3857 1061 3914 261
1081 3855 1139 3913 Cor.
1162 3857 1185 3923 1,
1205 3828 1248 3912 27v

87 3945 123 3998 29
142 3945 158 3999 1
177 3943 238 4000 Cor.
259 3946 283 4012 1,
302 3945 337 3998 25

127 4068 257 4124 laliaO
297 4069 478 4138 ocientem]
499 4069 811 4125 namsiOPTT¹edd
854 4070 951 4124 dideo
969 4069 1062 4124 nonO
1098 4071 1240 4123 Somneru

86 4156 188 4213 mn.o
242 4157 391 4212 9uitanda
411 4158 526 4212 ΟΡΤΤ1
545 4159 605 4213 edd.
657 4160 691 4213 14
704 4159 840 4222 ohocB¹
874 4159 905 4212 17
926 4175 1016 4213 eorum
1035 4175 1088 4212 non
1108 4158 1241 4228 potuitP

87 4248 122 4300 19
146 4245 182 4300 iis
205 4246 266 4299 edd.
356 4249 391 4301 25
413 4247 560 4302 firmissimi
581 4247 679 4302 robure
701 4249 729 4301 B
844 4248 1020 4302 certissimam
1044 4247 1187 4301 ueritatem
1211 4246 1239 4300 B

87 4336 122 4388 26
142 4335 231 4388 stulta
248 4351 307 4388 esse
329 4332 444 4389 OPTT¹
463 4336 522 4390 edd.
560 4337 594 4390 27
613 4336 695 4390 fortia
709 4340 738 4390 et
749 4337 885 4406 sapientia
899 4335 1125 4392 confunderentur
1139 4334 1236 4388 Pcdd.

124 4425 154 4476 et
171 4421 256 4477 fortia
269 4439 320 4478 om.
338 4425 388 4479 OT
392 4425 417 4477 Τ
419 4425 426 4457 ¹
464 4425 497 4478 28
511 4425 640 4489 inbecilli,
654 4443 689 4479 m.
703 4431 735 4479 ut
746 4425 805 4480 oid.
822 4423 991 4479 2inbecillia
1005 4425 1033 4478 B
1050 4423 1186 4480 imbecille
1203 4425 1220 4478 l
1223 4423 1238 4458 '¹
