3092 5217
280 531 345 594 586
636 528 662 582 S.
690 526 829 581 Aureli
859 528 1075 595 Augustini

234 717 254 780 6
324 722 394 789 Sint
430 723 556 788 honesti
594 723 680 787 ciues
717 725 777 802 tui,
819 723 926 807 probis
963 723 1116 800 moribus,
1159 740 1220 786 nou
1259 720 1432 804 superfluis

278 830 500 907 facultatibus;
537 850 599 895 non
637 849 691 894 eos
727 832 880 896 uolumus
919 829 958 892 ad
995 832 1132 893 aratrum
1166 826 1289 905 Quintii
1324 831 1356 891 et
1393 828 1432 892 ad

278 937 413 1021 Fabricii
437 937 544 1001 focum
567 955 623 1018 per
646 956 703 1001 nos
725 938 793 1001 ulla
812 936 1025 1001 cohercitione
1048 934 1188 1018 perduoi,
1213 954 1276 1018 qua
1298 954 1433 1018 pauper-

278 1046 344 1109 tate
381 1044 429 1108 illi
460 1044 621 1108 Romanae
656 1043 701 1107 rei
743 1044 892 1125 publicae
928 1042 1087 1125 principes
1124 1060 1185 1107 nou
1229 1042 1337 1105 solum
1372 1061 1434 1105 non

278 1153 443 1217 uiluerunt
465 1151 590 1215 ciuibus
615 1150 693 1227 suis,
720 1150 775 1215 sed
796 1150 835 1215 ob
860 1170 928 1214 eam
951 1150 1081 1214 luerunt
1103 1148 1271 1232 praecipue
1295 1148 1433 1213 cariores
1468 1170 1478 1208 s

279 1262 311 1323 et
332 1258 453 1340 patriae
478 1254 689 1341 gubernandis
714 1256 827 1337 opibus
852 1248 1001 1337 aptiores,
1026 1274 1065 1319 ne
1089 1256 1170 1319 illud
1194 1255 1323 1336 quidem
1345 1258 1433 1337 opta-
1542 1306 1543 1317 ,

278 1384 350 1428 mus
378 1367 435 1428 aut
461 1363 597 1446 agimus,
630 1365 668 1425 ut
693 1362 813 1443 patriae
841 1366 915 1425 tuae
945 1360 1101 1425 diuitibus
1129 1360 1216 1426 illius
1245 1360 1353 1425 Rufini
1382 1361 1433 1424 bis

279 1471 419 1536 consulis
457 1470 578 1553 argenti
611 1470 717 1533 cultus
751 1468 861 1533 decem
892 1468 996 1551 pondo
1029 1472 1198 1543 remaneat,
1233 1466 1320 1550 quod
1354 1471 1433 1532 tune

278 1576 481 1641 laudabiliter
503 1594 616 1640 seuera
634 1594 766 1640 censura
784 1575 887 1639 adhuc
905 1575 1111 1640 resecandum
1131 1579 1293 1657 tamquam
1313 1574 1433 1638 uitium
1542 1584 1543 1597 ¹

279 1684 444 1747 iudicauit.
481 1684 607 1745 tantum
639 1700 698 1746 nos
731 1682 927 1746 cousuetudo
961 1681 1116 1747 decoloris
1149 1682 1262 1745 aetatis
1294 1680 1431 1744 nimium
1457 1704 1478 1743 ro

280 1790 435 1854 marcidas
467 1789 589 1853 animas
621 1788 734 1853 mitius
766 1790 959 1853 contrectare
996 1786 1177 1872 persuadet,
1213 1791 1252 1851 ut
1282 1806 1433 1851 mansue-

278 1897 380 1961 tudini
413 1894 620 1973 Christianae,
650 1894 735 1976 quod
766 1893 831 1958 illis
865 1894 1048 1959 censoribus
1080 1894 1202 1958 iustum
1230 1892 1340 1957 uisum
1370 1897 1432 1971 est,

280 2004 413 2067 nimium
431 2002 587 2076 uideatur,
612 2004 644 2065 et
667 2002 768 2080 uides,
794 2020 887 2084 quam
911 2002 1050 2066 multum
1073 2000 1206 2076 intersit,
1231 2002 1342 2064 utrum
1366 2000 1431 2064 iam

278 2109 437 2193 punienda
455 2111 550 2192 eulpa
572 2109 615 2173 sit
636 2111 761 2173 tentum
781 2107 896 2171 habere
916 2127 953 2172 an
973 2111 1101 2190 propter
1120 2106 1198 2171 alias
1219 2106 1432 2190 grauissimas

280 2218 401 2299 culpas,
434 2219 472 2280 ut
503 2218 628 2280 tantum
661 2216 733 2299 quis
765 2215 890 2292 habeat,
923 2215 1114 2297 permittere.
1149 2212 1233 2295 quod
1261 2217 1340 2278 tune
1367 2214 1432 2277 iam
1453 2238 1476 2277 a

279 2325 341 2389 iuit
366 2327 544 2407 peecatum,
576 2341 661 2387 nuuc
689 2322 839 2387 uolumus
869 2322 912 2386 sit
940 2322 1052 2385 saltem
1080 2338 1182 2404 poena
1204 2321 1340 2403 peccati.
1375 2320 1432 2385 sed

275 2435 333 2507 est,
363 2430 446 2513 quod
474 2429 542 2494 fieri
570 2429 674 2511 possit
703 2432 735 2492 et
763 2428 886 2503 debeat,
918 2432 955 2491 ut
983 2446 1039 2491 nec
1067 2446 1170 2509 usque
1199 2427 1238 2490 ad
1265 2429 1331 2491 ista
1360 2446 1430 2510 pro-

276 2538 437 2621 grediatur
464 2537 618 2601 seueritas
647 2554 704 2601 nec
732 2535 827 2599 nimis
862 2552 972 2600 secura
995 2534 1132 2598 laetetur
1159 2536 1191 2598 et
1214 2534 1431 2599 debacchetur

275 2644 446 2725 impunitas
477 2646 509 2707 et
536 2642 726 2706 imitationis
754 2642 934 2723 exemplum
963 2640 1003 2704 ad
1031 2640 1240 2723 grauissimas
1265 2644 1296 2703 et
1322 2642 1428 2705 occul-

274 2750 417 2815 tissimas
449 2769 567 2832 poenas
600 2749 782 2814 infelicibus
815 2753 1018 2830 proponatur.
1058 2748 1170 2811 saltem
1205 2747 1353 2825 concede,
1393 2750 1427 2811 ut
1446 2770 1472 2809 ac

275 2855 408 2920 nimium
428 2855 596 2937 superfluis
617 2855 684 2918 suis
700 2855 844 2929 timeant,
864 2854 918 2935 qui
938 2852 1116 2918 necessaria
1134 2855 1242 2917 nostra
1260 2852 1428 2917 incendere

275 2980 311 3026 ac
335 2964 461 3025 uastare
484 2962 668 3025 moliuntur.
693 2960 790 3025 liceat
809 2964 842 3023 et
863 2959 924 3023 hoc
947 2958 1136 3023 beneficium
1161 2958 1300 3023 tribuere
1324 2959 1428 3022 inimi-

276 3068 322 3132 cis
354 3069 482 3145 nostris,
506 3072 553 3145 ut,
583 3068 658 3132 dum
692 3070 840 3131 metuunt
872 3068 978 3142 rebus,
1013 3086 1091 3148 quas
1123 3066 1249 3131 noxium
1283 3085 1345 3129 non
1380 3072 1428 3129 est

276 3175 430 3252 amittere,
456 3174 539 3256 quod
560 3173 621 3238 sibi
641 3175 769 3237 noxium
791 3180 848 3247 est,
873 3193 933 3237 non
955 3174 1106 3237 conentur
1125 3171 1303 3235 admittere.
1327 3190 1426 3253 neque

276 3281 359 3344 enim
392 3281 469 3345 haec
499 3280 632 3345 dicenda
660 3284 709 3344 est
741 3280 885 3344 uindicta
915 3280 1040 3361 peccati
1072 3277 1128 3343 sed
1155 3280 1258 3342 tutela
1287 3278 1472 3349 consilibus

275 3406 336 3451 nou
361 3390 410 3451 est
432 3388 493 3451 hoc
517 3388 662 3471 inrogare
691 3387 885 3469 supplicium
914 3386 970 3450 sed
994 3385 1032 3449 ab
1058 3384 1239 3467 excipiendo
1269 3384 1423 3467 supplicio
1542 3376 1543 3394 ¹

277 3494 480 3559 communire.

234 3611 251 3673 7
322 3598 473 3681 Quisquis
502 3600 722 3681 inprudentem
749 3618 822 3663 cum
846 3598 952 3679 aliquo
977 3617 1073 3663 sensu
1098 3598 1217 3663 doloris
1240 3597 1358 3679 priuat.
1386 3616 1423 3660 ne

275 3708 482 3789 superuacuis
502 3706 675 3771 sceleribus
695 3706 899 3770 adsuefactus
923 3724 1040 3788 poenas
1060 3704 1274 3769 atrocissimas
1298 3704 1421 3787 pendat,

276 3832 373 3894 puero
402 3814 535 3895 capillos
563 3813 666 3888 uellit,
694 3832 733 3876 ue
762 3812 962 3894 serpentibus
989 3812 1131 3894 plaudat,
1162 3815 1257 3893 atquc
1279 3802 1340 3893 ita,
1370 3808 1422 3871 ubi
1442 3828 1469 3867 ao

312 4073 328 4125 3
347 4071 395 4125 illa
413 4088 440 4125 or
493 4070 650 4125 cohercione
673 4071 717 4124 Vl
736 4071 901 4134 cohertione,
922 4074 986 4123 m.2
1005 4070 1188 4125 cohercitione
1207 4068 1234 4125 U
1268 4068 1284 4121 8
1304 4040 1430 4137 argenti-⁸

278 4160 353 4213 culus
377 4158 544 4227 decerpendo
567 4162 706 4213 remaneat
730 4160 808 4213 codd.
828 4160 870 4230 (in
893 4158 919 4211 V
936 4176 967 4212 us
986 4160 1018 4212 io
1036 4161 1105 4229 rac.)
1129 4158 1188 4211 lsr
1212 4158 1318 4227 argenti
1334 4157 1420 4209 solum

278 4246 369 4301 decern
388 4247 477 4317 pondo
497 4254 654 4302 remaneant
671 4266 711 4312 m,·
729 4248 910 4301 ostendebam
928 4248 1035 4317 argenti
1055 4248 1143 4301 cultus
1163 4246 1256 4300 decem
1275 4244 1360 4316 pondo
1378 4262 1419 4297 re-

277 4341 398 4400 ruaneat;
418 4336 454 4402 cf.
477 4336 539 4390 Vei.
559 4337 639 4390 llice.
654 4337 693 4390 ΙΙ
706 4340 731 4401 9,
749 4341 779 4402 4,·
797 4336 867 4390 Geli.
882 4336 920 4391 N.
935 4339 969 4392 A.
985 4337 1005 4390 1
1010 4336 1034 4389 V
1047 4338 1074 4398 8,
1093 4340 1110 4389 7
1172 4338 1203 4390 17
1219 4336 1279 4405 nec]
1295 4350 1377 4403 neque
1394 4332 1423 4385 [Γ

280 4426 313 4479 18
332 4442 426 4479 secura
443 4441 494 4479 om.
519 4424 544 4477 U
596 4428 773 4479 aaronem.
799 4425 825 4479 U
876 4426 910 4481 28
930 4426 1044 4496 quisque
1064 4425 1124 4479 edd.
