3092 5217
277 497 340 559 714
631 497 658 550 S.
686 495 824 550 Aureli
852 498 1071 565 Augustini

277 689 427 771 corporis,
453 690 550 754 sicuti
569 693 619 754 est
643 691 807 773 sapientia,
828 711 907 774 quae
927 695 1031 757 mente
1050 691 1214 758 intellecta
1233 689 1427 774 conspicitur

278 801 310 860 et
336 796 367 859 iu
392 798 484 862 cuius
513 800 584 862 luce
613 797 651 861 de
678 797 728 862 his
752 798 900 862 omuibus
928 799 1084 864 ueraciter
1110 798 1279 874 iudicatur,
1309 798 1341 862 in
1365 816 1425 878 quo

277 904 411 967 istorum
431 923 543 987 genere
558 904 748 968 credendum
768 909 819 969 est
838 924 906 970 esse
921 907 1026 983 istam,
1043 924 1137 987 quam
1153 924 1245 970 nosse
1264 904 1426 976 uolumus,

277 1009 473 1074 trinitatem?
501 1011 643 1092 profecto
672 1015 729 1075 aut
750 1012 782 1074 in
808 1011 914 1094 aliquo
939 1015 995 1076 aut
1017 1012 1048 1075 iu
1073 1012 1171 1076 uuila.
1201 1012 1284 1076 siin
1309 1011 1426 1092 aliquo,
1537 1009 1538 1020 ’

279 1136 314 1180 eo
335 1117 457 1198 utique,
477 1116 562 1198 quod
580 1120 631 1180 est
648 1117 721 1181 aliis
739 1117 865 1181 duobus
884 1117 1108 1198 praestantius,
1134 1117 1217 1181 sicut
1237 1121 1288 1182 est
1306 1115 1427 1196 sapien·
1454 1143 1465 1182 s

278 1224 333 1287 tia.
358 1224 443 1305 quod
466 1224 494 1288 si
517 1222 635 1288 donum
660 1224 730 1288 eius
752 1223 784 1288 iu
808 1223 898 1288 uobis
923 1227 974 1288 est
996 1227 1029 1288 et
1052 1223 1157 1288 rniuus
1182 1226 1232 1287 est
1254 1241 1352 1305 quarn
1376 1222 1428 1285 iila

281 1349 405 1394 summa
424 1333 457 1394 et
478 1330 761 1406 incommutabilis,
785 1350 865 1413 quae
884 1331 936 1394 dei
959 1331 1115 1412 sapientia
1132 1330 1249 1394 dicitur
1272 1367 1315 1376 —
1339 1333 1427 1410 puto,
1538 1327 1539 1378 ἲ

280 1437 364 1519 quod
392 1456 453 1501 non
481 1437 635 1502 debemus
664 1437 745 1502 douo
773 1457 832 1502 suo
861 1437 993 1502 inferius
1017 1437 1157 1520 cogitare
1181 1438 1352 1502 donantem
1375 1471 1427 1500 -.

280 1543 308 1608 si
345 1547 452 1608 autem
490 1543 606 1625 aliquis
643 1543 792 1625 splendor
824 1544 892 1608 eius
925 1545 957 1608 iu
990 1543 1080 1608 nobis
1115 1547 1175 1619 est,
1208 1562 1289 1626 quae
1322 1545 1428 1606 nostra

281 1649 436 1733 sapientia
463 1650 588 1727 dicitur,
618 1653 908 1733 quantumcumque
942 1650 1011 1715 eius
1044 1669 1113 1732 per
1145 1649 1358 1733 speculum
1390 1653 1428 1713 et
1447 1673 1467 1711 a
1539 1640 1540 1660 ¹

280 1758 319 1820 in
348 1756 576 1839 aenigmate
604 1775 715 1840 capere
742 1775 925 1839 possumus,
956 1759 1081 1839 oportet
1108 1777 1177 1822 eam
1206 1761 1238 1820 ct
1267 1757 1307 1821 ab
1331 1756 1428 1820 omui-

280 1862 341 1927 bus
360 1862 545 1944 corporibus
565 1867 599 1927 et
621 1863 659 1927 ab
679 1863 826 1928 omuibus
850 1882 1015 1946 corporum
1040 1863 1305 1928 similitudinibus
1329 1881 1428 1928 secer-

282 1989 404 2034 namus.

230 2082 271 2145 12
327 2075 361 2140 Si
388 2079 495 2140 autem
527 2076 558 2139 in
591 2077 679 2140 nullo
711 2077 848 2142 istorum
876 2095 991 2160 genere
1020 2095 1090 2142 esse
1118 2077 1260 2160 putanda
1287 2079 1338 2140 est
1367 2077 1429 2139 ista

281 2182 407 2246 trinitas
436 2186 469 2246 et
495 2181 541 2246 sic
570 2185 620 2245 est
647 2181 830 2260 inuisibilis,
859 2185 897 2247 ut
925 2202 982 2248 nec
1010 2186 1115 2248 mente
1143 2183 1299 2260 uideatur,
1328 2183 1428 2246 multo
1447 2205 1469 2243 u

282 2289 387 2352 minus
407 2288 445 2352 de
467 2288 525 2352 illa
546 2287 643 2353 huius
666 2288 752 2352 modi
776 2289 955 2371 opinionem
979 2289 1093 2354 habere
1117 2290 1280 2366 debemus,
1306 2293 1343 2353 ut
1360 2308 1426 2353 earn
1541 2327 1542 2370 ς

282 2395 377 2460 rebus
397 2395 612 2479 corporalibus
635 2395 687 2458 uel
711 2395 922 2477 corporalium
945 2415 1049 2460 rerum
1074 2397 1267 2480 imaginibus
1292 2395 1426 2460 similem

283 2521 353 2567 esse
369 2503 544 2567 credamus.
559 2522 620 2567 non
638 2502 721 2567 euim
736 2521 867 2585 corpora
881 2502 1116 2586 pulchritudine
1130 2503 1224 2568 molis
1240 2507 1297 2568 aut
1310 2503 1427 2585 magni·

282 2609 393 2673 tudine
412 2611 540 2691 superat
560 2609 617 2674 sed
631 2609 893 2674 dissimilitudine
914 2629 949 2674 ae
964 2610 1174 2694 disparilitate
1195 2614 1324 2674 naturae
1344 2613 1384 2686 et,
1399 2609 1427 2672 si

283 2715 420 2781 discreta
438 2719 489 2779 est
507 2735 525 2779 a
544 2716 776 2799 comparatione
796 2714 949 2780 bonorum
974 2717 1070 2780 animi
1089 2717 1201 2792 nostri,
1225 2715 1332 2798 qualia
1355 2718 1429 2778 suut
1446 2737 1469 2774 a

284 2822 449 2904 sapientia,
463 2821 598 2897 iustitia,
614 2822 740 2900 caritas,
761 2823 893 2888 castitas
913 2828 946 2888 et
964 2827 1069 2888 cetera
1086 2822 1174 2900 talia,
1191 2842 1271 2905 quae
1290 2821 1428 2904 profecto

283 2947 344 2993 uon
363 2929 447 2994 mole
467 2929 605 3012 corporis
624 2929 791 3011 pendimus
811 2948 869 2994 nec
887 2948 996 2994 eorum
1016 2929 1107 3012 quasi
1125 2949 1291 3013 corporeas
1314 2928 1429 2993 formas

285 3036 476 3120 cogitatione
498 3035 684 3119 figuramus,
709 3036 765 3100 sed
783 3055 829 3114 ea,
854 3035 978 3118 quaudo
1001 3041 1088 3101 recte
1112 3036 1338 3119 intellegimus,
1362 3033 1430 3098 siue

284 3142 391 3224 aliqua
408 3143 604 3224 corpulentia
626 3142 679 3206 uel
703 3143 911 3207 similitudine
932 3144 1145 3224 corpulentiae
1165 3143 1195 3206 in
1219 3144 1290 3207 luce
1313 3141 1429 3206 mentis

284 3249 468 3332 aspicimus,
494 3253 610 3332 quanto
640 3251 689 3312 est
716 3250 754 3313 ab
781 3249 919 3313 omnium
946 3249 1136 3331 qualitatum
1161 3252 1193 3313 et
1216 3247 1429 3331 quantitatum
1449 3269 1474 3309 a

285 3355 495 3439 corporalium
514 3356 747 3438 comparatione
772 3355 949 3421 discretior!
975 3375 1035 3421 nou
1060 3375 1128 3419 cam
1152 3357 1258 3419 tamen
1282 3356 1429 3418 anostra

376 3616 441 3670 101
460 3615 520 3670 Cor.
542 3616 583 3678 13,
605 3617 637 3669 12

323 3777 335 3830 l
357 3776 437 3830 sicuti
457 3779 499 3829 est
517 3791 568 3829 om.
591 3774 617 3828 Τ
633 3776 703 3828 sicut
722 3778 764 3828 est
783 3773 841 3828 edd.
924 3774 1068 3842 sapientia,
1089 3777 1152 3830 aa2
1169 3789 1257 3841 supra
1275 3773 1290 3825 1
1307 3771 1431 3841 superbia

289 3866 314 3919 Τ
331 3865 456 3935 superbia
467 3865 495 3917 P
509 3867 585 3930 (m.2
601 3879 690 3931 supra
708 3861 852 3932 sapientia)
877 3862 910 3916 T¹
931 3863 1002 3929 (m.1
1019 3879 1106 3930 supra
1124 3863 1137 3915 1
1156 3849 1243 3932 sapia)
1323 3859 1428 3928 tluce]

285 3952 366 4008 laude
383 3953 477 4008 PTT¹
525 3952 583 4006 :his
601 3953 630 4005 B
647 3952 745 4006 hiisO
798 3949 997 4006 derodendum
1017 3955 1059 4004 est
1077 3967 1175 4020 genere
1198 3949 1314 4003 ΟΡΤΤι
1365 3949 1430 4002 oet

285 4045 386 4112 minus]
406 4044 494 4096 minus
514 4047 577 4108 (om.
597 4045 635 4108 et)
655 4041 734 4095 codd.
829 4041 845 4092 9
865 4039 958 4108 aliqui,
979 4056 1047 4094 corr.
1067 4057 1101 4096 m.
1121 4045 1152 4092 ut
1170 4039 1229 4093 uid.
1249 4043 1269 4092 2
1288 4037 1381 4107 aliquis
1400 4036 1430 4088 B

323 4149 391 4202 quae
409 4132 514 4200 nostra]
534 4147 666 4199 quaenam
684 4129 777 4184 PTT¹
829 4131 862 4184 14
882 4145 940 4183 csse
959 4145 1011 4182 cm.
1034 4128 1112 4182 OPT
1129 4129 1220 4182 lsrm
1276 4125 1432 4182 1111111Ί

321 4222 430 4274 trinitas
448 4222 503 4274 ista
516 4221 545 4273 B
559 4219 655 4289 (cipum
673 4225 753 4286 corr.)
772 4219 886 4274 ΟΡΤΤι
926 4221 958 4272 15
978 4217 1125 4272 inuisibilis
1145 4234 1195 4270 om.
1213 4217 1291 4270 ΟΡΤ
1326 4219 1356 4271 16
1370 4217 1428 4284 opi·

288 4311 367 4363 irione
391 4309 415 4362 T
517 4310 549 4361 17
568 4325 656 4362 rerum
675 4308 852 4378 corporalium
875 4307 909 4360 Τ1
1020 4307 1054 4360 22
1072 4307 1143 4360 mole
1162 4306 1282 4375 corporis
1300 4321 1350 4360 non
1367 4301 1428 4358 cdd.

285 4404 457 4467 praeterae
509 4399 546 4451 24
562 4396 650 4452 lucem
672 4397 751 4452 OPT
