3092 5217
288 477 353 540 704
638 475 665 529 S.
692 474 831 528 Aureli
859 477 1075 544 Augustini

286 675 375 735 sunt:
408 671 566 752 ‘Placuit’‚
598 671 737 752 inquam,
770 671 984 736 ‘fluctuantem
1021 671 1096 735 fidei
1132 674 1256 736 nostrae
1290 673 1419 755 cymbam

287 777 372 842 beati
404 778 577 860 Augustini
610 777 751 860 episcopi
789 776 929 842 stabilire
962 779 1136 843 seutentia‘.
1174 797 1229 842 cur
1261 798 1346 863 ergo,
1378 780 1420 842 uir

287 883 447 948 doctrinae
474 883 581 962 huius,
607 903 687 966 quae
714 884 745 948 in
771 882 897 949 Christo
923 886 982 962 est,
1007 884 1142 962 culmen,
1171 903 1301 968 arguere
1329 887 1421 968 palam

286 991 507 1075 corrigendum
536 991 574 1055 de
607 994 711 1055 cetero
743 991 845 1055 fiIium
874 991 1011 1066 dubitas,
1046 1009 1117 1055 cum
1152 992 1327 1056 sententiae
1357 996 1421 1056 tuae

286 1116 409 1176 ancora,
433 1097 494 1162 nisi
515 1117 656 1163 morsum
680 1098 776 1162 altius
800 1098 960 1180 presserit,
984 1117 1041 1162 nos
1065 1098 1183 1163 certius
1207 1098 1348 1163 stabilire
1369 1118 1420 1164 uon
1445 1123 1455 1161 ι

286 1205 410 1286 possit?
434 1223 496 1270 non
515 1205 599 1268 enIm
621 1205 704 1270 leuis
724 1207 780 1269 aut
798 1204 893 1287 culpa
916 1208 971 1270 aut
990 1205 1133 1287 quaestio
1154 1209 1213 1281 est,
1236 1205 1268 1268 iu
1288 1225 1349 1288 qua
1369 1225 1420 1270 uon

287 1312 392 1375 solum
411 1313 491 1376 nihil
508 1313 652 1394 profecit,
671 1331 782 1376 oerum
803 1313 909 1389 etiam,
930 1312 1051 1376 sicute
1073 1315 1104 1376 te
1123 1312 1296 1376 fortissime
1312 1313 1420 1377 dictum

286 1423 346 1495 est,
377 1420 467 1500 quasi
496 1419 662 1483 cuiusdam
690 1419 856 1483 idolatriae
886 1420 1002 1484 erinna
1031 1419 1167 1484 caecitas
1195 1425 1322 1484 nostrae
1348 1419 1421 1503 cogi·

286 1526 416 1590 tationis
439 1525 580 1589 incurrit.
604 1526 684 1589 hanc
707 1529 776 1590 ute
796 1529 888 1590 caute
910 1526 1141 1608 prudenterque
1166 1526 1420 1600 discutientem,

288 1637 324 1697 ut
355 1632 516 1696 doctrinae
547 1634 622 1696 tuae
653 1633 836 1717 ingeniique
868 1631 1020 1697 serenitas
1052 1632 1099 1696 ita
1129 1633 1276 1698 nebulam
1308 1635 1455 1698 nostiusa

287 1739 401 1803 mentis
431 1739 603 1821 abstergat,
630 1741 678 1814 nt,
703 1739 788 1821 quod
815 1757 898 1803 nunc
921 1739 1060 1824 cogitare
1088 1758 1148 1804 uon
1176 1757 1357 1820 possumus,
1382 1739 1421 1801 in·

284 1845 488 1929 teIIegentiae
517 1864 535 1908 a
561 1849 593 1910 te
620 1846 740 1910 lumine
765 1845 960 1910 declaratum
986 1845 1088 1911 oculis
1112 1845 1215 1911 cordis
1243 1845 1349 1910 nidere
1375 1864 1421 1908 ua·
1505 1907 1507 1914 ,

286 1952 419 2016 isarnus.
452 1952 623 2017 incolumis
650 1972 687 2018 ac
717 1953 832 2018 beatus
860 1953 1022 2034 nostrique
1053 1954 1085 2016 in
1119 1956 1281 2018 aeternum
1314 1971 1421 2016 memor

286 2059 436 2123 caelestia
461 2078 558 2143 regnu
585 2060 759 2140 possideas,
784 2059 909 2124 domine
939 2063 1047 2124 sancte
1071 2078 1106 2124 ac
1134 2060 1319 2124 beatissime
1340 2077 1418 2142 papa.

813 2251 906 2318 CXX.
1435 2294 1453 2332 s

285 2391 418 2445 FRATRI
436 2390 689 2448 DILEOI'ISSIMO
704 2392 749 2446 uu
762 2392 802 2446 IN
817 2392 960 2446 CHRISTI
974 2391 1185 2448 VISCERIBUS
1199 2389 1417 2446 HONORANDO

426 2479 631 2534 CONSENTIO
652 2481 882 2537 AUGUSTINUS
900 2481 940 2534 IN
959 2480 1102 2536 DOMINO
1124 2479 1298 2536 SALUTEM.

232 2611 274 2674 Il
332 2605 399 2690 Ego
423 2611 598 2690 propterea,
623 2611 660 2670 ut
682 2607 722 2670 ad
745 2627 802 2672 nos
822 2607 957 2684 uenires,
982 2607 1103 2691 rogaui,
1124 2607 1272 2689 quoniam
1290 2608 1320 2671 in
1338 2605 1418 2672 libris

288 2714 352 2777 tutu
372 2713 464 2778 ualde
488 2733 560 2778 sum
577 2719 635 2778 tuo
655 2714 832 2780 delectatus
850 2714 986 2798 ingenio.
1013 2713 1141 2795 proinde
1159 2715 1259 2793 uolui,
1284 2717 1319 2778 ut
1337 2731 1417 2795 quae-

376 2941 464 2994 9-13
482 2964 517 2987 =
536 2958 561 3011 p.
582 2943 642 3005 uos,
664 2941 768 2995 ιιι-13

322 3065 338 3116 6
358 3065 436 3133 culpa
455 3067 512 3134 ant]
532 3066 641 3136 culpata
662 3065 739 3120 OPT
757 3065 817 3119 edd.
832 3071 967 3134 praetere
986 3065 1088 3133 culpas
1142 3069 1184 3118 est
1202 3081 1254 3119 om.
1276 3063 1350 3121 OPT
1365 3061 1417 3115 edd.

287 3155 302 3207 7
322 3155 403 3222 sicut]
422 3159 487 3222 post
508 3153 587 3207 OPT
603 3157 666 3221 post
685 3159 716 3206 ut
733 3154 793 3207 edd.
885 3153 973 3207 dictus
995 3152 1073 3208 OPT
1161 3153 1177 3206 8
1197 3153 1275 3222 qnasi
1293 3149 1418 3208 cuiusdam

286 3259 338 3295 om.
361 3242 438 3296 OPT
455 3243 515 3298 cdd.
587 3241 759 3296 idololatriae
779 3242 838 3296 edd.
896 3243 928 3296 10
948 3242 1120 3311 perhennitus
1142 3242 1219 3296 OPI‘
1279 3244 1310 3297 12
1328 3240 1418 3296 lumine

286 3347 337 3384 οιιι.
357 3331 435 3384 codd.
455 3331 514 3384 edd.
535 3337 718 3401 μηκίστης
736 3331 771 3398 cf.
791 3349 820 3399 p.
844 3335 911 3392 705.
931 3335 971 3384 22
1062 3332 1095 3385 13
1117 3332 1258 3401 nostrIque
1280 3347 1329 3386 om.
1351 3328 1419 3384 OPY

285 3419 346 3472 cdd.
420 3421 534 3488 mernor]
554 3421 607 3473 rusi
626 3437 763 3473 menrorm

500 3562 527 3613 Β
554 3585 589 3608 =
607 3563 666 3616 cod.
686 3562 871 3616 Bononiensis
892 3565 938 3624 58,
958 3565 993 3616 12
1011 3561 1034 3617 S
1050 3579 1071 3616 s.
1090 3563 1146 3618 IX.

503 3649 526 3702 0
553 3674 587 3695 =
605 3651 664 3703 cod.
684 3649 990 3717 Aodomoropolitonus
1007 3654 1064 3704 142
1081 3667 1102 3704 s.
1121 3651 1213 3704 XIII.

501 3739 528 3791 P
555 3764 588 3783 =
607 3739 665 3792 cod.
685 3739 838 3794 Pcstnsious
855 3741 932 3793 1929
949 3757 970 3793 a.
990 3740 1083 3794 XIII.

506 3827 530 3880 Τ
554 3852 587 3872 =
606 3827 664 3882 cod.
688 3828 1038 3882 neocaesaream.

504 3917 538 3969 T¹
553 3942 586 3961 =
604 3917 676 3971 idem
693 3918 792 3970 itonam

500 4059 625 4127 Eugippi
643 4065 769 4126 excerpto
788 4059 841 4124 (cd.
861 4059 894 4112 P.
913 4059 1045 4125 KnocII):

371 4164 402 4215 p.
425 4150 482 4209 711,
504 4149 622 4205 3-718.
643 4149 683 4200 25
701 4171 735 4192 =
749 4163 780 4214 p.
804 4149 865 4206 710,
885 4151 926 4200 27
945 4147 1141 4216 (cogitationis)
1164 4179 1196 4187 —
1220 4149 1332 4206 71217

373 4253 403 4304 p.
424 4240 485 4299 718,
505 4239 646 4299 26-721,
666 4239 700 4290 21
718 4259 752 4282 =
772 4253 801 4304 p.
831 4237 891 4304 719,
916 4239 950 4288 14
976 4239 1081 4302 (restat)
1104 4267 1137 4275 -
1161 4239 1227 4301 722,
1252 4239 1285 4289 13
1307 4234 1414 4300 (iustior)

325 4377 358 4430 19
378 4381 424 4432 tuo
444 4395 501 4432 sum
520 4379 548 4431 P
