3092 5217
412 493 676 563 epistularum
703 491 788 546 LXII.
818 490 915 544 LXIII.
1178 495 1241 560 227

108 693 225 754 nemrot.
257 708 329 755 ecce
362 689 467 754 adbuc
500 689 603 767 doleo,
637 689 784 772 quamuis
817 689 880 753 iam
914 688 953 752 ad
981 691 1013 752 te
1041 687 1178 765 redierit,
1207 687 1238 752 in

108 815 158 879 quo
178 815 233 860 uos
255 798 329 859 tuae
352 796 513 861 uoluntati
535 796 681 878 paruisse
705 813 767 859 nou
791 795 942 878 paenilet.

44 905 58 967 2
142 901 217 965 Audi
244 901 349 976 etiam,
379 901 456 985 quid
485 902 691 986 obiurgando,
720 900 796 983 quid
824 899 993 980 mouendo,
1023 899 1098 982 quid
1123 899 1240 965 orando

108 1007 313 1074 correxerimus
346 1011 379 1072 et
411 1011 492 1086 ante,
517 1028 611 1091 quam
645 1008 719 1072 hine
751 1011 838 1072 esset
869 1007 1042 1088 profectus,
1070 1025 1108 1070 ue
1137 1006 1240 1071 adhuc

84 1115 157 1179 stibi
176 1119 338 1196 propterea
365 1113 513 1178 uideatur
541 1114 620 1178 nihil
649 1133 667 1178 a
694 1113 787 1178 uobis
814 1117 890 1178 tunc
918 1113 1018 1177 fuisse
1052 1117 1239 1192 correctum,

109 1222 170 1305 quia
197 1221 334 1286 nondum
366 1220 406 1286 ed
437 1239 497 1286 uos
529 1222 598 1302 ipse
630 1220 775 1286 redierat.
815 1218 1008 1304 obiurgando
1048 1219 1239 1284 correxImus

108 1328 193 1410 primo
213 1328 329 1411 ipsum,
354 1327 407 1409 qui
431 1327 491 1391 tibi
518 1348 579 1393 non
608 1325 850 1408 obtemperauit,
879 1328 915 1388 ut
937 1323 1118 1389 inconsulto
1142 1323 1237 1387 fratre

109 1434 280 1499 Carcedonio
314 1434 354 1498 ad
385 1437 474 1498 tuam
502 1433 709 1498 ‘sanctitatem
742 1435 813 1496 ente
851 1431 1113 1512 proficisceretur,
1155 1429 1238 1494 unde

107 1542 181 1625 origo
210 1541 305 1605 huius
338 1546 465 1606 nostrae
492 1540 708 1606 tribulatIonis
738 1542 845 1604 exorta
873 1541 935 1614 est;
970 1538 1080 1602 deinde
1111 1537 1239 1620 presby·

75 1651 196 1712 colorum
225 1653 258 1712 et
284 1647 449 1725 Verinum,
481 1666 538 1729 per
570 1665 661 1730 quos,
695 1649 733 1711 ut
765 1645 970 1722 ordinaretur,
1009 1645 1130 1709 factum
1167 1661 1238 1707 esse

107 1755 310 1837 comperimus.
335 1773 409 1819 curn
433 1755 515 1819 enim
536 1773 645 1819 omnes
665 1751 909 1835 obiurgantibus
928 1751 1019 1816 nobis
1038 1751 1115 1816 haec
1135 1749 1239 1814 omnia

106 1880 157 1925 non
181 1865 262 1925 recte
288 1861 378 1925 facta
406 1879 475 1925 esee
505 1861 640 1925 confossi
670 1863 746 1924 sunt
775 1862 816 1937 et,
846 1865 883 1924 ut
914 1858 976 1922 sibi
1007 1858 1237 1942 ignosceretur,

107 1970 289 2050 rogsuemrrt,
313 1967 409 2031 nimIs
433 1967 577 2048 superbe,
603 1967 631 2031 si
653 1985 715 2030 uon
740 1965 939 2030 crederemus
969 1983 1038 2028 esse
1068 1966 1236 2028 correctos

107 2074 296 2155 nequeenim
321 2092 413 2157 agere
437 2077 593 2156 poteraut,
618 2076 654 2136 ut
676 2073 761 2137 facta
785 2091 845 2137 non
871 2074 992 2146 essent;
1018 2070 1075 2136 sed
1098 2089 1154 2134 nec
1178 2088 1235 2133 nos

76 2201 94 2238 n
108 2180 179 2244 aliud
200 2179 395 2263 obiurgando
420 2179 603 2264 agebamus,
627 2179 689 2242 nisi
713 2181 750 2242 ut
773 2197 807 2242 se
831 2177 912 2242 male
938 2177 1043 2262 egisse
1067 2194 1236 2260 cognosce-

106 2290 163 2349 rent
190 2292 221 2351 ot
251 2287 404 2352 dolerent.
437 2286 592 2352 monendo
626 2291 733 2351 autern
764 2286 955 2350 correximus
984 2285 1085 2367 primo
1115 2301 1235 2358 omnes,

108 2396 137 2454 ut
162 2393 304 2476 deinceps
337 2393 415 2456 talia
447 2412 508 2458 non
542 2393 703 2468 auderent,
736 2411 776 2456 ue
809 2392 887 2455 iram
921 2390 972 2456 dei
1010 2390 1235 2474 experirentur.

108 2497 201 2563 deinde
235 2500 404 2582 praecipue
441 2499 658 2586 Timotheum,
695 2499 749 2582 qui
785 2498 854 2562 sole
890 2497 1045 2562 iuratione
1088 2514 1121 2560 se
1164 2494 1234 2577 cogi

108 2604 214 2670 dicebat
235 2605 274 2670 ad
296 2610 387 2669 tuam
410 2623 541 2689 pergere
565 2606 740 2682 caritatem,
765 2607 811 2681 ut,
837 2603 865 2668 si
889 2603 1040 2668 sanctitas
1064 2605 1129 2680 tua,
1151 2601 1233 2684 quod

76 2710 161 2774 olore
188 2713 401 2794 sperabamus,
435 2711 647 2789 considerans,
681 2731 761 2793 quae
799 2710 896 2774 simul
932 2709 1032 2774 locuti
1068 2707 1233 2786 suerImus,

108 2821 214 2899 propter
238 2818 434 2882 infirmorum
463 2817 657 2894 scandalum,
685 2837 741 2900 pro
770 2815 887 2899 quibus
913 2814 1058 2880 Christus
1089 2817 1233 2880 mortuus

108 2928 156 3000 est,
180 2929 209 2989 et
233 2929 361 3008 propter
389 2924 542 2990 ecelesiae
571 2922 782 3004 disciplinam,
808 2925 902 3005 qnam
925 2921 1103 3005 periculose
1127 2921 1233 3003 negle-

108 3035 181 3112 gunt,
202 3032 348 3113 quoniam
372 3030 424 3095 bic
447 3030 511 3094 iam
534 3030 635 3094 lector
658 3049 729 3093 esse
753 3033 909 3113 coeperat,
935 3028 1037 3092 nolles
1061 3047 1133 3091 euru
1162 3045 1231 3090 esse

28 3174 29 3177 =
107 3139 205 3214 lecum,
231 3139 294 3204 iam
322 3139 403 3203 liber
430 3157 448 3202 a
476 3138 607 3202 uinculo
635 3136 803 3202 iurationis
828 3135 1020 3218 aequissimo
1045 3134 1148 3198 auimo
1173 3133 1230 3198 deo

76 3245 229 3323 asemiret,
260 3245 313 3310 eui
346 3263 459 3310 sumus
492 3244 645 3310 rationem
683 3246 863 3307 nostrorum
901 3244 1030 3306 actuum
1067 3239 1230 3305 reddituri.

107 3348 194 3430 ipsum
235 3371 361 3435 quoque
407 3351 535 3414 fratrem
579 3349 819 3424 carcedonium,
862 3352 1015 3431 quantum
1056 3346 1230 3428 potuimus,

106 3457 238 3523 monendo
270 3457 309 3522 ed
341 3458 402 3523 hoe
433 3457 690 3540 perduxeramus,
718 3460 756 3520 ut
784 3455 880 3519 etiam
907 3453 975 3537 ipse
999 3451 1231 3536 patientissime

108 3563 249 3643 acciperet,
288 3564 440 3647 quiequid
477 3565 515 3628 de
547 3565 602 3629 illo
636 3562 703 3628 fieri
737 3560 968 3628 conseruandae
998 3550 1230 3625 ecclesiastieae

109 3666 270 3752 discipliuae
294 3670 434 3754 prouieio
459 3674 491 3734 et
513 3669 688 3734 necessitas
708 3671 845 3753 cogeret.
870 3666 985 3732 orando
1005 3668 1110 3730 autern
1132 3683 1230 3729 eorre-

76 3792 228 3841 oremmus
250 3797 306 3842 nos
329 3778 429 3862 ipsos,
453 3779 491 3841 ut
514 3780 546 3841 et
569 3777 814 3861 gubernationes
839 3779 871 3840 et
894 3775 995 3841 cultus
1025 3771 1228 3838 consiliorum

28 4102 29 4111 ἵ
135 4037 296 4105 tpropterea
314 4037 441 4092 uideatur
459 4035 511 4092 tibi
528 4036 553 4090 T
571 4036 630 4090 cdd.
686 4037 702 4090 6
718 4035 781 4105 quia
795 4034 912 4090 nondum
929 4035 979 4097 bis,
995 4033 1112 4088 alterum
1126 4047 1186 4101 exp.
1201 4031 1229 4086 R

28 4126 29 4179 i
109 4122 202 4180 llum
219 4143 268 4183 om.
289 4127 315 4182 T
404 4127 439 4180 13
457 4125 583 4195 superbe]
604 4125 719 4196 superbe
738 4140 878 4194 egeremus
898 4124 957 4177 cdd.
1040 4123 1063 4175 si
1083 4123 1104 4190 (i
1122 4121 1153 4174 o‘rc
1171 4136 1229 4174 rao.

28 4190 29 4277 f
109 4215 396 4282 or.1,·fee'loreed?)R
457 4215 489 4269 16
510 4215 548 4282 et]
568 4217 600 4267 ut
622 4213 677 4268 Π]
730 4215 763 4267 19
781 4216 831 4266 tue
849 4211 951 4270 om.H
1005 4211 1039 4265 20
1058 4211 1128 4264 forto
1149 4209 1227 4263 codd.

28 4342 29 4375 ,
108 4300 136 4352 22
150 4304 256 4371 periculo
273 4321 310 4368 se,
330 4319 399 4358 corr.
419 4302 616 4373 periculoseT
683 4303 716 4357 23
735 4301 821 4356 lector
839 4301 871 4355 o'oe
889 4301 944 4368 fine
961 4317 989 4354 a.
1009 4299 1109 4355 oneT
1178 4315 1228 4351 rro·

109 4387 155 4441 lene
170 4390 218 4446 ΥΠ
267 4394 301 4448 30
319 4396 472 4450 nostrorum
492 4391 665 4445 consiliorum
684 4391 744 4445 cdd.

1141 4491 1190 4545 15*
