3092 5217
278 457 341 520 106
632 454 658 510 S.
686 453 826 507 Aureli
853 453 1073 524 Augustini

275 668 438 731 quaerens,
463 649 519 714 sed
542 667 622 732 quae
645 649 720 713 Iesu
744 648 876 726 Christi,
900 667 973 714 curn
997 649 1230 734 gloriosissima
1254 652 1417 716 tolerantia
1531 595 1534 704 l

274 758 495 831 conuersatur;
517 758 690 839 postremo,
715 755 801 839 quod
824 755 918 838 paulo
944 759 1016 820 ante
1034 758 1291 836 commemoraui,
1312 758 1417 822 diuina
1533 761 1534 798 ³

274 881 353 928 uoce
374 862 524 928 laudatur
546 863 606 927 suh
629 863 735 946 angeli
761 862 887 928 nomine
915 863 1115 946 praepositus
1138 865 1302 943 ecelesiae,
1326 865 1416 947 quod,
1533 911 1534 918 r

274 989 348 1034 cum
380 969 503 1035 odisset
532 968 644 1048 malos,
677 987 732 1034 eos
765 972 869 1034 tamen
901 972 1074 1052 temptatos
1111 974 1144 1038 et
1179 971 1328 1036 inuentos
1365 991 1416 1054 pro
1532 927 1534 1032 l

273 1077 401 1142 nomine
425 1076 544 1142 domini
567 1077 726 1142 tolerauit.
1444 1101 1454 1138 r

230 1183 272 1243 24
316 1183 367 1248 Ad
395 1202 554 1249 summam
581 1201 616 1248 se
642 1182 731 1266 ipsos
757 1183 963 1267 interrogent.
986 1201 1088 1248 nonne
1110 1183 1285 1249 tolerantur
1312 1184 1351 1249 ab
1375 1184 1417 1248 eis

274 1291 387 1356 caeder
417 1293 452 1355 et
481 1290 627 1356 incendia
659 1288 970 1365 circumcellionum,
1003 1291 1204 1356 honoratores
1235 1290 1418 1373 praecipita-

272 1402 378 1462 torum
415 1397 500 1462 ultro
537 1395 727 1461 cadauerum
765 1398 799 1460 et
835 1396 894 1461 sub
927 1394 1166 1462 incredibilibus
1199 1397 1292 1462 malis
1325 1397 1418 1461 unius

274 1502 383 1588 Optati
405 1523 462 1587 per
483 1506 534 1570 tot
556 1521 654 1568 annos
677 1503 779 1568 totius
798 1503 923 1567 Africae
943 1503 1104 1587 gemitus?
1122 1521 1216 1586 parco
1235 1503 1298 1568 iam
1317 1503 1418 1568 dicere

273 1611 472 1694 singularum
499 1629 556 1693 per
582 1609 723 1674 Africam
749 1608 916 1692 regionum
945 1611 977 1672 et
1004 1608 1173 1674 ciuitatum
1197 1613 1229 1675 et
1251 1609 1418 1675 fundorum
1437 1635 1457 1673 ro
1533 1639 1534 1642 ¹

272 1719 452 1801 tyrannicae
474 1719 651 1798 potestates
676 1715 859 1798 et-puhlica
881 1714 1056 1782 latrocinia.
1079 1715 1195 1780 melius
1220 1715 1304 1779 enim
1328 1715 1419 1780 uobis
1533 1749 1534 1812 p

272 1823 352 1887 haec
373 1840 432 1887 uos
455 1821 519 1905 ipsi
541 1821 649 1886 dicitis
672 1821 742 1886 siue
765 1820 798 1884 in
822 1839 930 1885 aurem
954 1820 1023 1908 siue
1046 1821 1163 1903 palam,
1187 1820 1271 1886 sicut
1293 1821 1420 1886 lihitum

272 1929 378 1994 tuerit.
420 1946 620 2011 quocumque
655 1927 741 1992 enim
779 1927 888 1992 oculos
927 1927 1098 2003 uerteritis,
1140 1930 1294 2003 occurret,
1337 1927 1421 2010 quod
1533 1961 1534 2016 p

273 2035 343 2101 dico
371 2035 425 2098 uel
452 2034 560 2118 potius
589 2033 673 2116 quod
701 2037 803 2098 taceo.
831 2051 934 2116 neque
962 2033 1035 2100 hino
1062 2033 1154 2111 istos,
1179 2053 1259 2118 quos
1283 2034 1328 2098 ihi
1352 2033 1420 2098 dili-

273 2142 360 2226 gitis‚
394 2159 594 2206 accusamus.
626 2159 687 2205 non
720 2139 804 2204 enim
838 2139 929 2205 nobis
962 2140 1143 2224 displicent,
1177 2141 1252 2223 quia
1286 2141 1422 2206 tolerant
1439 2165 1459 2204 n

272 2246 384 2325 malos,
417 2246 473 2312 sed
505 2248 581 2330 quia
612 2247 856 2312 intolerabiliter
892 2247 969 2312 mali
1001 2251 1077 2312 sunt
1107 2251 1237 2330 propter
1269 2247 1419 2314 schisma.

272 2357 401 2438 propter
428 2355 527 2419 altare
555 2357 664 2420 contra
691 2353 800 2431 altare,
828 2358 956 2437 propter
984 2354 1215 2438 separationem
1238 2353 1277 2418 ah
1300 2353 1421 2418 heredi·

272 2464 339 2526 tate
367 2459 487 2528 Christi
514 2464 582 2525 toto
611 2460 685 2525 orbe
714 2459 840 2540 diffusa,
865 2459 950 2525 sicut
972 2463 1060 2525 tanto
1084 2462 1156 2524 ante
1179 2461 1338 2544 promissa
1361 2464 1420 2526 est.

271 2569 426 2634 uiolatam
466 2587 587 2651 pacem,
629 2568 823 2632 conscissam
864 2567 1032 2644 unitatem,
1069 2567 1183 2632 iterata
1219 2567 1420 2651 baptismata,

206 2754 210 2759 g
272 2674 439 2740 exsufflata
465 2677 673 2751 sacramenta,
706 2693 787 2757 quae
819 2673 852 2738 in
884 2674 1047 2738 sceleratis
1080 2692 1207 2757 quoque
1240 2673 1420 2739 hominihus
1436 2697 1460 2736 so

272 2783 493 2858 sanctarum,
520 2779 703 2865 plangimus
730 2778 949 2864 etlugemus.
979 2799 1058 2863 quae
1087 2780 1115 2846 si
1147 2780 1238 2864 parui
1268 2779 1419 2863 pendunt,

271 2888 455 2954 intueantur
487 2888 640 2970 exempla,
673 2887 790 2971 quibus
823 2887 1075 2954 demonstratum
1108 2891 1169 2966 est,
1203 2887 1313 2970 quanti
1342 2886 1419 2952 haec
1532 2947 1533 2958 ,

271 2994 416 3077 penderit
452 2993 542 3059 deus.
578 2995 633 3076 qni
669 2995 813 3060 fecerunt
850 2995 982 3071 idolum,
1020 2994 1140 3060 usitata
1180 2993 1278 3078 gladii
1318 2997 1419 3072 morte

270 3099 427 3182 perempti
464 3104 554 3176 sunt3
592 3100 647 3182 qui
685 3120 762 3167 uero
800 3101 941 3167 schisma
976 3101 1079 3166 facere
1116 3100 1297 3177 uoluerunt,
1329 3100 1419 3164 hiatu
1532 3125 1533 3198 3

270 3209 371 3270 terrae
393 3206 553 3288 principes
576 3205 720 3272 decorati
742 3210 776 3271 et
796 3207 890 3272 turha
913 3208 1112 3273 consentiens
1135 3207 1207 3292 igne
1231 3211 1421 3290 consumpta
1437 3231 1461 3268 rs

271 3315 331 3377 est.
355 3311 541 3376 diuersitate
563 3331 734 3396 poenarum
760 3313 929 3379 diuersitas
954 3313 1138 3398 agnoscitur
1160 3314 1355 3382 meritorum.

360 3465 429 3522 611.
449 3470 543 3520 contra
560 3467 615 3520 litt
634 3467 714 3522 Petil.
734 3467 747 3520 Ι
766 3470 809 3530 24,
829 3468 864 3524 26
944 3468 1085 3532 17Ρ1.2,
1105 3469 1175 3522 7-8
1252 3470 1286 3524 23
1306 3469 1353 3524 Ex.
1373 3471 1416 3534 32,

272 3557 360 3611 1-28
414 3557 449 3610 24
467 3555 547 3611 Num.
570 3557 610 3620 lc,
632 3557 732 3620 1-35;
752 3557 859 3611 41-49

306 3662 454 3716 taedioset
473 3666 500 3729 (o
518 3679 552 3717 err
570 3679 639 3717 corr.
657 3680 691 3716 m.
711 3669 744 3716 ut
761 3663 820 3718 reid.
840 3668 864 3726 1,
879 3665 940 3733 fuit
959 3667 987 3718 ul
1005 3665 1036 3719 F
1120 3665 1135 3718 7
1156 3665 1370 3720 ceroieellionum
1390 3665 1421 3719 F

271 3751 452 3804 cercillionnm
472 3751 533 3806 MA
624 3752 805 3806 cieneratores
826 3753 876 3820 (sie
886 3757 906 3818 1)
926 3753 963 3806 M
980 3753 1026 3817 (ef.
1040 3770 1070 3821 p.
1091 3757 1156 3816 100,
1172 3757 1202 3815 2)
1223 3754 1269 3822 qui
1288 3757 1352 3808 sunt
1370 3771 1416 3808 ue-

269 3846 407 3894 neratores
425 3842 519 3908 flrm
586 3843 602 3894 9
621 3842 734 3895 anninus
753 3844 780 3894 A
851 3844 881 3895 11
903 3843 975 3896 enim
993 3842 1061 3896 haec
1081 3842 1158 3896 uobis
1177 3842 1269 3896 dicitis
1288 3843 1417 3913 ipsicius

157 3959 162 3968 ·
270 3930 470 3998 (1111111111.
489 3947 518 3984 1.
536 3935 597 3984 trel
615 3930 734 3985 alteram
753 3932 831 3986 uobis
851 3931 929 3996 add.)
948 3931 985 3985 M
1063 3931 1095 3984 12
1113 3930 1215 4001 palam]
1234 3931 1261 3984 in
1280 3931 1370 4001 palam
1389 3930 1417 3984 R-

271 4018 304 4070 13
323 4018 465 4071 uerteretis
483 4016 511 4069 A
596 4023 748 4072 occurreret
764 4019 822 4073 FP
838 4027 961 4072 occurret
979 4018 1057 4072 uobis
1075 4017 1103 4074 R
1177 4019 1210 4072 15
1230 4018 1309 4074 uobis
1327 4019 1417 4074 MFA

271 4106 304 4158 18
322 4105 463 4174 promissio
483 4105 510 4158 A
599 4107 635 4161 20
653 4123 684 4160 ex
703 4107 813 4162 sufflata
831 4109 858 4162 A
878 4111 906 4161 et
924 4106 1033 4161 sufflata
1051 4107 1082 4160 F
1164 4108 1289 4162 celeratis
1308 4124 1363 4162 111.
1383 4126 1417 4162 eor

269 4194 439 4247 celeratasA
494 4194 526 4246 21
548 4211 638 4263 perna,
657 4213 727 4250 corr.
746 4201 807 4249 1111
824 4197 944 4266 paruiP
996 4198 1031 4250 22
1048 4197 1224 4251 inueniantur
1242 4197 1269 4249 A
1324 4195 1415 4250 24111-

269 4286 332 4336 atu-
348 4288 371 4347 (s
390 4288 473 4349 erce.)
490 4282 519 4335 P
552 4285 587 4338 25
605 4289 791 4339 consummata
808 4285 839 4338 F
880 4287 914 4340 26
934 4285 1105 4355 diuersitate]
1126 4285 1272 4339 diuersitas
1291 4286 1319 4339 A
1374 4285 1415 4338 di-

268 4371 396 4440 uersitas]
416 4370 578 4426 diuersitate
597 4373 629 4425 M
649 4376 727 4437 (11.2
745 4373 901 4438 diuersitas)
921 4373 976 4427 ΕΔ
1049 4375 1219 4444 cognoscitur
1237 4373 1274 4428 M
