3092 5217
274 503 339 567 682
636 502 663 555 S.
692 501 832 556 Aureli
858 499 1076 573 Augustini

273 716 329 782 per
358 697 520 762 dominum
547 699 693 762 nostrum
719 695 828 760 Iesum
857 693 1020 761 Christum
1047 696 1253 762 inlustratum
1281 702 1344 773 est;
1371 699 1416 763 cni

273 804 329 868 nni
362 802 503 885 exemplo
542 802 573 866 in
607 801 752 867 cuiusuis
790 803 895 866 animo
932 801 1080 868 ferociter
1107 802 1288 888 adrogantis
1322 805 1416 869 omnis

274 909 423 991 superbia
445 909 531 974 cedit
553 912 586 973 et
612 909 769 992 frangitur
792 913 825 972 et
848 909 1009 974 emoritur.
1038 908 1172 991 ideoque
1196 930 1255 975 non
1280 909 1417 974 ualentes
1524 899 1525 914 ἶ

273 1017 321 1080 illi
354 1017 543 1081 auctoritate
574 1016 685 1080 turbas
717 1019 913 1080 tenerorum
943 1035 1050 1080 rernm
1083 1016 1251 1080 dilectione
1280 1021 1417 1081 caecatas

273 1123 313 1188 ad
349 1122 561 1187 inuisibilium
598 1121 692 1185 fidem
727 1121 850 1199 ducere,
888 1139 961 1187 cum
994 1141 1046 1186 eas
1084 1121 1228 1186 uiderent
1260 1123 1417 1205 Epicureis
1445 1146 1454 1184 a

272 1230 408 1294 marime
432 1228 687 1294 contentionibus
711 1228 905 1293 commoneri
933 1248 992 1294 non
1018 1229 1122 1293 solum
1147 1228 1186 1292 ad
1208 1229 1417 1306 hauriendam,
1524 1219 1525 1306 l

274 1356 336 1419 quo
369 1336 453 1399 ultro
486 1336 676 1413 ferebantur,
710 1333 767 1399 sed
801 1334 897 1398 etiam
930 1334 970 1398 ad
1002 1334 1251 1400 defensitandam
1285 1335 1417 1417 corporis

273 1445 484 1526 uoluptatem,
509 1445 547 1506 ut
569 1441 601 1504 in
621 1460 657 1505 ea
680 1460 845 1505 summum
868 1442 987 1506 bonum
1011 1441 1148 1506 hominis
1168 1442 1417 1520 constitueretur,
1524 1429 1525 1454 ³

273 1570 328 1615 eos
365 1551 484 1627 autem,
521 1547 575 1630 qui
618 1547 771 1612 aduersus
809 1547 889 1612 hanc
925 1548 1124 1630 uoluptatem
1161 1549 1292 1614 uirtutis
1329 1549 1416 1612 laude

273 1658 483 1734 mouerentur,
524 1654 629 1719 minus
672 1653 845 1720 difficulter
882 1673 950 1720 eam
988 1655 1194 1736 contemplari
1235 1654 1267 1718 in
1309 1655 1416 1718 animis
1434 1679 1453 1718 n

272 1763 447 1838 hominnm,
485 1762 568 1827 unde
605 1761 689 1826 iacta
725 1761 817 1840 bona,
851 1761 890 1825 de
923 1762 1039 1844 quibus
1072 1767 1245 1844 utcumque
1278 1765 1417 1844 poterant

273 1870 421 1947 iudicare,
450 1870 664 1952 procederent,
695 1869 792 1933 simul
819 1868 982 1945 uidebant,
1012 1869 1039 1934 si
1064 1869 1110 1932 eis
1135 1870 1323 1932 conarentur
1347 1867 1416 1932 insi·
1490 1897 1493 1904 ¹

273 1996 369 2041 nuare
392 1977 532 2059 aliquam
559 1996 626 2040 rem
650 1974 791 2040 dininam
817 1979 848 2040 et
871 1994 967 2056 supra
991 1975 1097 2040 omnia
1119 1975 1416 2050 incommutabilem,

274 2103 354 2168 quae
378 2083 465 2148 nullo
490 2083 708 2166 adtingeretur
732 2081 872 2164 corporis
896 2100 1002 2158 sensu,
1032 2081 1089 2146 sed
1113 2082 1181 2146 sola
1205 2085 1311 2146 mente
1333 2081 1416 2146 intel-

273 2193 441 2276 legeretur,
466 2208 546 2272 quae
570 2193 676 2253 tamen
701 2189 797 2254 etiam
821 2190 965 2253 naturam
988 2188 1091 2271 ipsius
1114 2189 1232 2253 mentis
1252 2188 1415 2264 excederet,
1432 2213 1452 2250 ιε

274 2316 409 2378 eumque
438 2315 509 2362 esse
537 2297 633 2360 deum
660 2295 860 2378 propositum
889 2296 993 2360 animo
1021 2297 1159 2360 humano
1188 2295 1227 2360 ad
1255 2295 1415 2360 fruendum

273 2407 407 2488 purgato
437 2404 475 2468 ab
504 2403 589 2468 omni
616 2402 687 2468 labe
716 2403 925 2467 humanarum
953 2401 1176 2484 cupiditatum,
1208 2400 1242 2466 in
1271 2420 1333 2484 quo
1360 2421 1414 2466 uno

274 2509 492 2591 adquiesceret
511 2509 613 2573 omnis
637 2507 847 2573 beatitudinis
871 2509 1033 2590 appetitus
1053 2511 1085 2572 et
1107 2508 1222 2591 inquo
1246 2508 1338 2573 nobis
1360 2527 1415 2572 uno

273 2615 426 2681 bonomm
446 2615 589 2679 omnium
608 2615 680 2679 finis
696 2617 790 2692 esset,
811 2632 872 2678 non
889 2633 943 2679 eos
961 2615 1183 2700 intellecturos
1198 2618 1231 2678 et
1248 2633 1415 2698 repugnan-

259 2724 360 2788 tibus
379 2722 433 2788 uel
447 2723 611 2806 Epicureis
628 2722 682 2786 uel
697 2721 813 2787 Stoicis
830 2723 931 2786 multo
948 2740 1042 2803 qnam
1063 2721 1124 2785 sibi
1139 2722 1265 2786 facilius
1285 2722 1412 2804 palmam
1430 2745 1451 2785 a

274 2830 412 2906 daturos,
445 2830 491 2895 ita
517 2832 555 2893 ut
581 2847 657 2893 uera
685 2827 885 2910 salubrisque
913 2827 1081 2906 sententia,
1110 2828 1193 2909 quod
1222 2827 1413 2910 perniciosis·

273 2937 391 3002 simum
419 2940 468 3001 est
499 2936 606 3020 generi
638 2935 789 3012 humano,
821 2935 1028 3018 inperitorum
1056 2936 1247 3018 populomm
1275 2935 1413 3000 inrisione

273 3041 478 3107 sordesceret.
503 3045 535 3106 et
556 3041 617 3107 hoc
641 3041 672 3106 in
696 3041 882 3106 moralibus.

220 3150 261 3214 18
316 3147 352 3212 In
366 3149 564 3213 naturalibus
579 3152 686 3213 autern
701 3147 942 3230 quaestionibus
961 3147 986 3212 si
1006 3147 1062 3213 isti
1079 3147 1219 3213 dicerent
1234 3147 1412 3212 effectricem

273 3256 415 3323 omnium
438 3258 620 3321 naturarum
645 3273 716 3320 esse
738 3255 954 3336 incorpoream
979 3255 1178 3338 sapientiam,
1202 3254 1251 3318 illi
1275 3261 1376 3318 autem
1396 3272 1411 3315 a
1428 3277 1450 3317 ss

308 3516 324 3569 2
343 3532 396 3570 uno
414 3515 443 3570 R
463 3519 542 3582 (corr.
561 3518 697 3585 m.1nni)
716 3517 788 3570 P¹V
880 3517 1011 3587 cuiusuis]
1030 3516 1105 3570 cuius
1124 3517 1152 3572 A
1243 3517 1327 3571 omnis
1345 3515 1367 3586 (s
1383 3515 1410 3568 in

270 3605 339 3669 ros.)
356 3603 393 3657 P¹
458 3605 651 3658 euentura
712 3605 799 3659 silla
817 3604 844 3658 A
917 3603 1098 3658 delectatione
1117 3605 1223 3672 Poes
1280 3604 1409 3664 5dncere,

271 3697 337 3748 m.2
355 3691 486 3746 ducerent
502 3692 539 3745 P¹
559 3692 688 3748 ducerent
705 3693 769 3747 MP
788 3698 829 3760 (nt
848 3697 929 3759 eras.)
954 3693 981 3745 V
1015 3695 1030 3748 7
1051 3692 1122 3763 qnod
1140 3694 1168 3749 P
1186 3710 1255 3762 quae
1270 3695 1297 3748 A
1347 3692 1408 3746 iere-

271 3781 352 3835 batur
374 3781 401 3834 V
469 3781 712 3835 defensandamM
728 3781 966 3836 defendendamR
1039 3781 1220 3854 corpolporis
1235 3782 1272 3836 Μ
1323 3781 1408 3835 8con·

272 3871 399 3924 stitueret
421 3875 520 3938 (postr.
545 3871 563 3926 l.
585 3873 651 3924 m.2
673 3875 698 3923 et
721 3870 847 3938 deinceps
870 3874 938 3938 roa.)
958 3870 995 3923 P¹
1104 3871 1121 3924 9
1140 3870 1200 3940 qui·
1220 3875 1249 3937 (a
1267 3887 1335 3924 erus.
1345 3869 1407 3935 ,Μ

273 3959 306 4014 io
325 3957 474 4012 difficiliter
491 3959 518 4012 A
592 3959 625 4012 12
643 3959 780 4013 insinuare
799 3961 826 4012 A
900 3959 933 4013 13
953 3975 1033 4030 super
1052 3959 1111 4015 cdd.
1173 3961 1205 4013 14
1224 3958 1407 4029 attingeturA

272 4049 473 4117 attingerentur
493 4052 576 4116 (poet.
594 4065 613 4100 n
632 4047 683 4101 del.
702 4065 736 4100 m.
746 4053 771 4115 1)
793 4048 821 4103 R
927 4051 959 4103 15
979 4047 1122 4110 excideret,
1143 4051 1208 4102 m.2
1226 4048 1363 4120 excederet
1377 4045 1410 4099 lli

272 4136 400 4190 exciderit
418 4137 446 4190 A
501 4137 534 4190 16
553 4137 623 4205 esse]
643 4153 672 4189 se
692 4153 750 4189 esse
762 4137 791 4190 P
863 4138 980 4190 hnmano
1000 4137 1089 4190 auimo
1102 4137 1130 4192 R
1185 4137 1217 4190 18
1232 4155 1285 4190 uno
1299 4134 1407 4190 nobisll

273 4227 306 4278 19
324 4224 538 4295 repugnantibus
557 4225 689 4296 epicureis
707 4225 777 4279 ΡΨ
855 4227 889 4280 20
908 4224 1013 4280 istoicis
1031 4225 1068 4279 M
1151 4227 1183 4280 21
1204 4226 1245 4280 ita
1262 4226 1304 4296 nt]
1323 4224 1350 4277 id
1366 4227 1407 4276 aot

270 4313 421 4381 Mareu
440 4315 547 4368 ataid.
568 4315 633 4370 eid
653 4318 755 4382 autem)
775 4315 804 4369 R
826 4314 855 4368 id
874 4317 917 4370 est
936 4331 977 4369 ae
1047 4315 1228 4385 perniciosum
1246 4315 1275 4370 R
1335 4313 1405 4367 asin

271 4402 430 4473 moralibus]
449 4404 487 4457 im
505 4404 651 4458 moralibus
670 4405 698 4458 P
714 4403 913 4459 immortalibus
932 4403 969 4457 M
1022 4405 1056 4460 25
1075 4421 1209 4474 nusquam
1228 4421 1244 4458 a
1263 4401 1406 4474 corporcR
