3092 5217
307 524 371 588 660
661 520 688 574 S.
718 521 854 574 Aureli
881 519 1100 590 Augustini

306 715 470 792 ecclesiae,
495 714 548 779 cui
576 715 693 794 sermio,
721 715 876 779 tuendum
901 715 1179 798 adiuuandumqne
1203 713 1373 794 commisit,
1400 715 1448 779 do·

305 822 390 886 mine
409 821 617 887 dilectissime
636 824 669 886 et
690 822 880 886 uenerabilis
903 821 971 886 lili?
995 841 1071 906 rogo
1095 821 1205 902 itaque
1228 821 1447 906 benignitatem

305 933 405 1008 tuam,
439 928 588 1012 quoniam
619 927 748 994 difficile
777 931 809 992 et
840 927 1024 994 incredibile
1053 931 1112 1005 est,
1145 931 1183 994 ut
1213 947 1274 993 non
1308 929 1373 993 iam
1402 929 1448 992 uel

306 1036 433 1101 noueris
471 1035 525 1100 uel
556 1053 651 1100 nosse
683 1035 800 1116 possis,
836 1034 869 1098 in
903 1054 966 1116 qua
997 1053 1094 1100 causa
1125 1035 1274 1100 detentus
1308 1035 1362 1113 sit,
1397 1035 1446 1102 hoc

307 1141 435 1206 interim
462 1141 547 1224 apud
574 1141 796 1225 apparitorem,
826 1141 880 1223 qui
909 1160 981 1206 eum
1009 1143 1107 1219 tenet,
1139 1141 1327 1223 petitionem
1354 1160 1479 1206 meams

307 1249 457 1314 adiuuere
483 1247 623 1332 digneris
651 1250 690 1312 ut
710 1247 819 1325 faciat,
839 1247 924 1329 quod
942 1247 1141 1329 imperatoris
1159 1248 1231 1332 lege
1254 1247 1447 1332 praecipitur,

306 1359 345 1420 ut
359 1374 432 1420 eum
448 1353 532 1436 apud
551 1357 624 1420 acta
635 1353 842 1438 municipalia
856 1353 1040 1438 interrogari
1055 1355 1160 1432 faciat,
1179 1357 1287 1419 utrum
1304 1354 1365 1420 sibi
1378 1353 1447 1418 uelit

306 1461 374 1528 dies
393 1461 526 1545 triginta
544 1460 685 1538 concedi,
705 1461 820 1544 quibus
841 1465 916 1546 agat
939 1461 998 1527 sub
1018 1461 1180 1526 moderata
1199 1462 1347 1526 custodia
1368 1461 1397 1525 iu
1416 1480 1445 1526 ea

307 1568 448 1646 ciuitate,
484 1567 517 1631 in
549 1587 612 1650 qua
643 1567 790 1632 detentus
829 1569 888 1645 eet,
923 1569 960 1632 ut
996 1585 1055 1632 sua
1087 1567 1209 1632 ordinet
1246 1571 1444 1652 sumptusque

306 1673 483 1760 prouideat.
499 1693 633 1755 quorum
644 1673 767 1738 dierum
783 1674 885 1756 spatio
896 1674 1053 1739 tuanebis
1070 1674 1229 1740 adnitente
1244 1674 1444 1740 beniuolentia
1460 1696 1479 1733 o

308 1782 336 1847 si
359 1781 427 1846 eius
451 1799 579 1845 causam
603 1781 705 1845 amica
724 1780 952 1863 disceptatione
975 1781 1063 1846 finire
1086 1780 1295 1865 potuerimus,
1320 1781 1445 1866 gratula-

306 1889 426 1965 bimur;
451 1886 479 1950 si
498 1891 605 1951 autem
627 1905 689 1952 nou
711 1887 920 1970 potuerimus,
944 1887 1086 1954 inueniet
1108 1907 1180 1952 eum
1200 1888 1304 1954 exitus
1327 1888 1443 1953 iudicio·
1476 1933 1480 1938 -

306 2015 388 2072 rum,
412 1993 467 2075 qui
494 1993 651 2076 placuerit
673 1993 731 2059 deo
759 1995 935 2060 secundum
959 2013 1073 2060 causae
1102 1994 1203 2078 ipsius
1232 1995 1379 2060 meritum
1399 1995 1443 2059 uel

307 2101 427 2167 domini
450 2100 750 2182 omnipotentissimi
773 2102 982 2166 uoluntatem.

829 2291 939 2358 CXIV.
1457 2317 1476 2356 re

360 2431 506 2488 DOMINO
526 2429 784 2487 DILEOTISSIMO
804 2429 902 2486 FILIO
922 2429 1154 2485 FLORENTINO
1174 2429 1397 2486 Accusamus

680 2519 722 2574 IN
740 2518 887 2574 DOMINO
908 2519 1081 2576 SALUTEM.

353 2646 452 2713 euius
475 2647 646 2730 potestatis
670 2646 812 2711 iussione
835 2645 1026 2710 Fauentium
1049 2647 1203 2730 rapueris,
1230 2647 1300 2730 ipse
1324 2645 1441 2712 uideris:

307 2753 368 2818 hoc
391 2758 499 2818 autem
525 2753 604 2832 seio,
628 2752 712 2834 quod
736 2752 838 2818 omnis
867 2755 1010 2835 potestas
1039 2753 1097 2816 sub
1125 2752 1259 2835 imperio
1284 2753 1441 2817 constituta

307 2859 505 2943 imperatons
533 2859 584 2924 sui
605 2857 733 2943 legibus
756 2859 866 2924 seruit.
896 2859 1043 2942 quamuis
1067 2877 1140 2944 ergo
1163 2859 1227 2923 iam
1251 2879 1307 2942 per
1328 2859 1440 2924 fratrem
1455 2879 1474 2917 a

307 2968 340 3030 et
366 2965 646 3050 conpresbyterum
674 2986 781 3031 meum
810 2963 1025 3032 Caelestinum
1052 2965 1192 3031 miserim
1219 2967 1333 3050 legem,
1359 2985 1440 3048 quam

308 3071 435 3154 quidem
455 3076 487 3137 et
510 3076 592 3148 ante,
616 3092 712 3155 quam
735 3072 907 3151 mitterem,
931 3073 1075 3156 ignorare
1098 3074 1209 3155 utique
1233 3091 1293 3137 non
1314 3072 1439 3154 deberes,

308 3197 371 3260 qua
393 3197 579 3242 concessum
603 3181 653 3242 est
676 3178 733 3255 eis,
758 3177 813 3260 qui
839 3176 1076 3260 praecipiuntur
1099 3178 1137 3242 eb
1166 3177 1273 3260 aliqua
1299 3179 1440 3260 potestate
1522 3261 1523 3264 Ἴ

306 3283 434 3349 iudiciis
461 3284 610 3360 exhiberi,
638 3289 676 3348 ut
703 3283 743 3350 ed
771 3290 863 3368 gesta
889 3285 1095 3369 municipalia
1121 3284 1334 3367 perducentur
1358 3273 1440 3366 atque

307 3390 374 3455 illic
402 3389 644 3473 interrogentur,
672 3394 781 3454 utrum
809 3390 911 3455 uelint
938 3390 1069 3474 triginta
1097 3390 1163 3455 dies
1191 3389 1222 3455 in
1252 3410 1288 3454 ea
1313 3389 1437 3464 ciuitate,
1452 3407 1473 3447 e

306 3497 363 3560 ubi
389 3499 548 3575 tenentur,
576 3515 669 3581 agere
697 3496 757 3562 sub
785 3497 949 3562 moderata
971 3497 1118 3562 custodia
1143 3497 1182 3560 ad
1210 3497 1358 3580 parandos
1382 3495 1435 3559 sibi

306 3603 430 3668 fruetus
454 3603 507 3667 uel
529 3622 594 3666 rem
620 3621 720 3681 suam,
745 3603 829 3667 sicut
852 3622 982 3668 necesse
1005 3603 1110 3680 fuerit,
1136 3603 1343 3680 ordinandam,
1365 3619 1431 3684 quae

305 3707 366 3786 lex,
390 3709 477 3774 sicut
493 3709 573 3773 mibi
591 3714 786 3775 memoratus
805 3711 970 3794 presbyter
986 3711 1191 3790 renuntiauit,
1215 3713 1287 3776 tuae
1304 3707 1429 3793 religioni

342 3953 516 4023 Bquoniam]
537 3970 618 4022 quam
640 3953 666 4007 T
718 3955 875 4023 intrumq;
902 3953 928 4008 l'
980 3954 1131 4025 Striginta
1149 3956 1276 4026 conginta
1293 3949 1425 4008 concedil
1520 3915 1521 3981 l

307 4042 385 4110 Ont]
405 4044 496 4095 utrum
518 4041 631 4098 THRV
686 4044 718 4097 10
737 4047 874 4097 annuente
893 4043 953 4098 edd.
1010 4045 1044 4098 14
1063 4043 1176 4114 domini]
1197 4043 1296 4098 domini
1311 4035 1425 4111 ipsiusU

343 4131 538 4200 omnipotentis
561 4131 587 4184 Τ

395 4269 474 4323 rom
492 4271 605 4340 coerce,
623 4272 671 4340 qus
688 4272 721 4326 ee
738 4289 778 4342 ep.
799 4273 913 4331 crrrr.

343 4409 377 4463 20
396 4411 500 4479 quouis,
518 4413 583 4466 stilo
601 4419 741 4468 commoto
759 4429 828 4472 corr.
849 4416 945 4485 queuis
968 4415 994 4470 T
1062 4417 1117 4472 iam
1136 4431 1187 4472 orn.
1206 4417 1240 4472 H
