3092 5217
510 535 778 607 epistularum
807 535 928 592 cxvllr.
1226 539 1291 603 677

142 731 265 816 9991199
301 729 375 795 11199
411 730 496 795 19991
536 730 720 796 curiositate
761 749 942 814 recoquere,
985 749 1056 797 eum
1096 732 1292 814 quorundam

140 839 239 903 etiam
261 838 503 915 haeretieorum,
527 837 582 920 qui
605 837 732 902 nomine
757 835 935 904 Christiano
960 837 1089 921 gloriari
1112 838 1293 918 uoluerunt,

139 949 179 1010 ut
206 944 484 1009 Marcionisteruna
516 946 550 1008 et
578 941 831 1009 Sabellianorum
862 945 1100 1027 multorumque
1131 948 1294 1028 praeterea

139 1051 206 1116 iam
239 1051 454 1116 dissensiones
491 1051 756 1133 quaestionesque
796 1050 969 1116 sileantur?
1007 1054 1113 1117 tamen
1152 1051 1180 1116 si
1212 1071 1292 1135 opus

108 1160 203 1236 9991,
232 1160 269 1222 91
297 1157 370 1237 dixi,
399 1158 527 1222 ueritati
556 1156 760 1222 aduersantes
789 1176 993 1240 praenoscere
1021 1158 1142 1241 aliquas
1168 1160 1200 1223 et
1227 1178 1293 1241 per-

139 1267 295 1330 tractatas
318 1265 434 1329 habere
457 1265 640 1340 sententias,
664 1263 703 1328 de
726 1264 896 1330 haereticis
919 1265 1039 1348 potius,
1065 1265 1119 1348 qui
1149 1285 1183 1330 99
1208 1263 1293 1330 Chri-

141 1371 265 1437 stianos
288 1375 416 1452 uocant,
441 1389 535 1453 quam
560 1371 598 1435 de
621 1370 808 1454 Anaxagora
831 1373 863 1434 et
885 1370 1069 1436 Democrito
1092 1371 1184 1436 nobis
1209 1370 1294 1456 cogi-

139 1477 277 1542 tandum
301 1477 371 1544 fuit.

9 1582 94 1649 [1113
186 1585 248 1648 1119
280 1587 397 1663 autem,
431 1582 577 1666 quisquis
609 1583 666 1648 abs
699 1585 731 1647 te
759 1583 941 1667 quaesierit,
971 1602 1051 1667 quae
1083 1586 1119 1647 tu
1154 1602 1172 1647 a
1203 1583 1293 1648 nobis

99 1718 123 1755 ιο
141 1690 280 1772 quaeris,
312 1690 432 1769 audiat,
467 1690 552 1771 quod
585 1710 621 1755 ea
655 1689 781 1755 doctius
815 1693 847 1754 et
879 1689 1065 1774 prudentius
1097 1689 1230 1755 9999199.
1267 1689 1294 1754 91

141 1798 227 1861 enim
256 1796 489 1862 Themistocles
521 1816 583 1862 999
611 1797 745 1873 9999911,
775 1795 860 1880 9991
888 1799 936 1861 991
968 1796 1097 1861 habitus
1129 1795 1294 1872 indoctior,

141 1923 219 1968 eum
237 1922 348 1968 canere
366 1903 472 1967 neruis
491 1903 523 1966 in
543 1903 646 1985 epuiis
664 1906 855 1982 recusasset,
880 1903 936 1968 ubi
955 1922 1027 1968 cum
1048 1923 1082 1968 se
1101 1903 1220 1968 nescire
1239 1902 1295 1967 illa

142 2009 277 2075 dixisset
308 2009 400 2092 eique
433 2009 554 2074 dictum
582 2011 682 2074 esset:
711 2007 807 2088 ‘Quid
838 2010 938 2094 igitur
969 2009 1087 2075 nostit’
1118 2009 1293 2091 respondit:

140 2116 234 2181 ‘Rern
265 2116 427 2199 publicam
457 2134 493 2182 er
524 2135 623 2200 parua
654 2135 803 2200 magnam
835 2117 957 2196 fecere‘,
992 2116 1202 2182 dubitandum
1234 2115 1294 2179 tibi

98 2251 123 2289 15
142 2226 194 2287 est
219 2221 321 2288 dicere
348 2225 380 2287 te
408 2223 473 2287 ista
498 2223 630 2298 nescire,
660 2242 732 2288 cum
757 2224 797 2300 ei,
822 2223 876 2306 qui
899 2223 1028 2308 rogarit,
1053 2223 1129 2306 quid
1157 2221 1294 2301 noueris,

140 2328 334 2412 respondere
361 2329 468 2411 possis
495 2348 590 2395 nosse
613 2333 656 2409 19,
680 2349 742 2412 999
770 2330 864 2395 modo
890 2331 986 2394 etiam
1015 2330 1082 2394 sine
1105 2328 1178 2394 istis
1201 2330 1295 2393 horno

143 2454 218 2500 9999
245 2434 350 2518 possit
375 2435 512 2501 beatus?
536 2436 621 2519 quod
650 2437 678 2501 si
706 2437 810 2502 adhuc
838 2456 898 2502 999
926 2440 1027 2518 19999,
1055 2442 1122 2502 tam
1148 2456 1296 2520 peruerse

143 2543 211 2606 1919
237 2542 409 2625 conquiris,
438 2532 533 2625 quam
560 2561 720 2626 peruerse,
755 2544 782 2608 si
814 2544 921 2628 911999
950 2544 1089 2628 eorporis
1117 2543 1296 2626 periculoso

142 2650 258 2715 morbo
300 2651 487 2734 gradereris,
530 2651 698 2716 deliciosas
741 2655 773 2716 et
813 2651 998 2717 tenerrimas
1040 2655 1148 2716 uestes
1189 2649 1297 2733 potius

98 2784 123 2825 9
143 2774 243 2840 qnam
274 2756 506 2822 medicamenta
538 2757 741 2840 medicosque
775 2759 986 2841 conquireres.
1020 2777 1080 2822 non
1114 2755 1196 2822 enini
1229 2755 1296 2819 9119

142 2863 242 2928 modo
262 2862 432 2929 differenda
450 2867 501 2928 991
519 2864 582 2928 1919
600 2864 740 2949 cognitio
761 2867 817 2930 991
838 2865 895 2929 ilia
916 2865 992 2930 huic
1015 2882 1034 2929 a
1056 2867 1089 2928 19
1112 2861 1298 2946 praesertim

143 2969 211 3033 iam
238 2969 271 3034 in
298 2969 358 3035 hae
386 2973 487 3035 aetate
516 2971 569 3035 uel
598 2970 739 3036 discendi
767 2971 873 3037 ordine
900 2970 1104 3053 praeferenda
1131 2972 1190 3034 est.
1222 2966 1296 3032 uide

144 3079 266 3154 antem,
301 3096 396 3158 quam
430 3077 524 3142 199119
555 3096 667 3161 999999
700 3078 761 3144 199
794 3078 884 3154 sciro,
917 3077 945 3144 si
977 3078 1089 3143 uelles.
1128 3076 1183 3158 qui
1215 3073 1298 3139 enim

144 3183 281 3266 quaerit,
306 3203 369 3266 qua
391 3183 431 3246 ad
459 3184 584 3248 beatam
608 3184 709 3249 uitam
738 3184 914 3267 perueniat,
942 3183 1023 3249 nihil
1046 3183 1133 3247 aliud
1156 3180 1296 3265 profecto

100 3319 127 3359 as
145 3289 282 3370 quaerit,
311 3290 373 3354 nisi
400 3290 456 3355 ubi
485 3291 528 3354 sit
554 3289 626 3355 finis
653 3290 739 3368 boni,
767 3291 829 3356 hoc
857 3295 907 3356 est
934 3290 989 3356 ubi
1013 3290 1224 3356 constitutum
1255 3287 1299 3352 911

241 3550 271 3603 11
293 3548 348 3604 Cic.
367 3549 445 3604 Tunc.
465 3549 533 3621 disp.
553 3549 660 3616 12,4;
679 3550 751 3604 Plut.
771 3550 864 3606 Them.
883 3552 901 3605 2

181 3727 201 3779 8
219 3726 452 3780 marcianistarum
470 3727 498 3782 R
515 3726 732 3780 martionitarum
749 3726 787 3780 P¹
891 3727 909 3781 4
929 3727 1165 3797 quaestionesque]
1187 3744 1216 3796 q;
1235 3725 1298 3796 (om.

145 3815 333 3885 quaestiones)
350 3816 388 3871 M
404 3832 473 3885 9999
491 3818 518 3869 Α
609 3816 750 3885 sileantur]
771 3816 795 3870 si
813 3816 941 3886 legantur
959 3815 986 3869 A
1075 3819 1168 3870 tamen
1187 3817 1221 3885 91]
1242 3819 1298 3870 tarn

145 3905 264 3958 inmensi
281 3904 309 3957 A
363 3905 549 3960 dsententias
566 3903 667 3959 habere
685 3905 713 3960 R
784 3905 931 3972 hereticus,
950 3921 1019 3959 corr.
1039 3909 1100 3959 991
1117 3905 1245 3958 hereticis
1263 3903 1301 3958 M

145 3993 351 4064 9qnaesiuerit
363 3993 461 4061 firm
532 3997 563 4046 19
583 3991 609 4062 9]
628 3996 677 4047 199
696 3993 844 4059 Areae
863 3995 893 4047 19
912 3997 938 4060 9)
995 3994 1025 4047 il
1047 3991 1147 4060 abitus,
1165 3996 1229 4047 oa2
1246 3992 1295 4047 ha-

145 4082 223 4136 bitus
240 4081 270 4135 P
358 4082 391 4136 12
410 4080 489 4150 cpiis,
508 4096 577 4137 corr.
594 4086 656 4135 991
675 4080 761 4151 epulis
780 4081 817 4135 P¹
926 4097 954 4134 se
973 4081 1088 4151 nescire]
1107 4097 1246 4135 senescere
1265 4081 1302 4135 M

148 4171 183 4226 13
203 4169 294 4240 eique]
315 4171 344 4224 et
362 4186 431 4239 qnae
444 4169 482 4222 M
497 4172 580 4238 91999
594 4168 621 4222 Α
635 4171 718 4238 91999
737 4169 762 4223 91
781 4169 843 4224 edd.
895 4171 928 4223 14
948 4169 1059 4223 esttibi
1078 4169 1139 4225 edd.
1190 4170 1222 4224 18
1236 4187 1298 4240 per-

147 4275 226 4312 nerse
245 4257 279 4326 91]
299 4273 427 4326 peruersa
444 4261 459 4308 1
477 4256 540 4309 MA
649 4255 683 4309 19
702 4255 851 4311 deliciasm
944 4256 979 4311 20
999 4257 1163 4327 conquiretis
1181 4257 1219 4311 M
1235 4273 1300 4313 con·

148 4348 241 4417 quires
259 4344 330 4400 P¹V
376 4345 602 4416 1111199991
650 4346 685 4399 23
703 4346 793 4415 possis
812 4345 849 4400 M
910 4344 977 4400 seire
995 4345 1048 4400 hoc
1065 4345 1095 4401 R
1143 4345 1301 4415 94919991

148 4435 193 4490 bis
209 4433 248 4489 M
318 4435 383 4505 qua]
405 4433 539 4504 quomodo
559 4434 619 4488 edd.
674 4435 709 4488 25
727 4434 790 4488 finis
809 4435 847 4489 sit
863 4434 891 4489 R
962 4433 1044 4488 foinis
1064 4437 1092 4502 (9
1112 4438 1183 4503 cap.)
1202 4433 1229 4486 P
