3092 5217
435 504 495 573 epi
506 504 698 557 stolarum
727 504 899 559 LXXXVIII.
1174 512 1240 574 400

104 719 186 781 onem
216 698 255 763 ad
282 699 413 763 modum
442 718 539 764 caasa
562 699 648 765 dicta
675 703 770 782 atque
798 700 887 764 linita
914 701 957 765 sit
985 706 1017 765 et
1041 700 1240 767 Caecilianus

104 807 238 870 innocens
261 805 421 870 iudicatus
445 806 499 882 sit,
522 806 662 870 indicant
684 809 777 891 gesta
796 806 1021 872 ecclesiastica.
1046 807 1107 871 iam
1127 808 1240 891 utique

103 916 166 993 post
193 910 359 993 pacificam
391 911 592 977 moderamen
626 911 817 997 episcopalis
845 912 956 977 iudicii
984 914 1085 979 omnis
1114 918 1240 980 conten-

103 1019 188 1083 tionis
210 1020 242 1081 et
263 1018 476 1083 animositatis
499 1019 671 1101 pertinacia
694 1019 829 1084 debehat
862 1020 1011 1105 extingui.
1041 1020 1096 1085 sed
1128 1040 1239 1086 rursus

79 1126 224 1189 amatores
247 1125 347 1190 uestri
370 1125 410 1189 ad
433 1124 657 1208 imperatorem
680 1125 851 1191 redierunt.
876 1144 935 1190 aon
960 1130 1044 1191 recte
1063 1126 1238 1192 iudicatum

104 1250 191 1313 neque
214 1250 338 1296 omnem
361 1250 489 1297 causam
515 1231 655 1296 auditam
681 1250 750 1297 esso
775 1232 941 1313 conquesti
970 1234 1054 1297 sano.
1078 1233 1161 1298 unde
1184 1233 1240 1299 ille

104 1339 224 1401 alteram
261 1338 441 1422 episcopale
477 1337 633 1403 iudicium
666 1338 754 1402 dedit
786 1338 965 1403 hahendam
997 1339 1029 1403 in
1062 1340 1239 1404 Arelatensi

105 1444 213 1509 Galliae
236 1443 378 1518 ciuitate,
401 1444 455 1508 ubi
479 1445 574 1508 multi
597 1444 697 1509 uestri
716 1464 799 1509 uana
818 1448 850 1510 et
868 1445 1026 1511 diabolica
1044 1445 1241 1511 dissensione

105 1552 238 1615 murata
269 1569 343 1615 cum
372 1551 551 1616 Caeciliano
583 1551 614 1615 in
650 1552 848 1615 concordiam
877 1552 1047 1630 redierunt,
1080 1552 1133 1617 alii
1163 1571 1238 1619 uero

73 1684 91 1719 o
105 1656 335 1741 pertinacissimi
359 1661 391 1721 et
412 1657 640 1741 litigiosissimi
665 1659 704 1723 ad
728 1659 863 1723 eundem
887 1659 1107 1742 imperatorem
1136 1661 1240 1743 appel·

104 1767 244 1829 lacerant
281 1770 394 1848 postea
425 1769 457 1829 et
489 1765 557 1846 ipsa
590 1768 718 1831 coactus
752 1766 965 1849 episcopalem
999 1785 1127 1831 causam
1159 1766 1242 1832 inter

105 1875 197 1953 partes
222 1870 382 1955 cognitam
409 1872 596 1937 terminarit
622 1876 656 1937 et
677 1874 800 1955 primus
825 1876 933 1938 contra
956 1877 1096 1938 uestram
1119 1876 1240 1955 partem

104 1979 194 2061 legam
230 1978 408 2054 constitnit,
444 1983 483 2042 ut
521 1979 592 2044 loca
631 1981 911 2064 congregationum
948 1984 1128 2045 uestrarum
1164 1980 1241 2043 fisco

106 2084 333 2150 uindicarentar.
356 2104 490 2168 qrrarnm
514 2086 655 2151 omnium
678 2106 784 2152 rerum
808 2087 999 2151 documenta
1028 2088 1055 2151 si
1084 2086 1241 2151 uellomus

75 2215 92 2253 a
105 2194 237 2270 inserere,
260 2191 392 2255 nimium
416 2192 528 2275 longas
552 2192 675 2258 litteras
699 2193 887 2258 faceremus.
915 2192 996 2257 illud
1024 2196 1129 2257 lamen
1152 2190 1241 2255 nullo

106 2298 186 2362 modo
216 2297 530 2381 praetermittendum
563 2303 622 2375 est,
650 2318 711 2381 quo
739 2300 833 2365 modo
864 2298 980 2364 Felicis
1013 2298 1241 2383 aptungensis,

107 2424 187 2485 quem
208 2404 329 2469 ionum
353 2405 495 2469 omnium
517 2406 673 2471 malorum
700 2407 731 2470 in
761 2407 894 2472 concilio
920 2405 1173 2490 Carthaginiensi
1202 2404 1240 2468 ah
1295 2490 1298 2493 -

107 2511 234 2576 Secundo
263 2511 438 2595 Tigisitano
466 2512 600 2597 primate
626 2512 729 2576 occia
756 2515 861 2596 patres
895 2513 995 2578 uestri
1028 2512 1129 2577 fuisse
1158 2511 1240 2575 dixe

107 2623 175 2696 mut,
204 2618 394 2703 urgentibus
424 2618 510 2701 apud
545 2620 766 2702 imperatorem
802 2620 919 2685 uestris
956 2620 1084 2703 publico
1122 2617 1239 2682 iudicio

75 2749 94 2784 o
107 2744 190 2789 causa
222 2725 370 2790 discussa
402 2728 497 2807 atque
529 2724 617 2791 finita
649 2726 702 2792 sit.
739 2744 813 2790 nam
845 2729 1039 2791 memoratus
1072 2726 1242 2807 imperator

108 2832 133 2893 in
160 2832 214 2897 hac
246 2833 319 2916 ipsa
349 2850 447 2897 caraea
478 2836 602 2898 nestros
635 2833 719 2917 apud
748 2852 782 2898 se
810 2838 1010 2899 accusatores
1039 2835 1071 2897 et
1095 2830 1241 2896 assiduos

108 2938 344 3021 interpellatores
366 2939 483 3003 litteris
507 2938 574 3003 suis
597 2940 700 3004 fnisse
728 2942 874 3017 testatur,
903 2958 1035 3022 quarum
1063 2936 1240 3018 exemplum

108 3043 176 3107 inira
196 3045 395 3127 scripsimus.

138 3253 151 3305 :3
167 3252 257 3307 iudicii
275 3253 436 3323 episcopalis
451 3253 511 3307 edd.
577 3255 775 3321 contentiones,
790 3272 823 3308 ra.
836 3258 855 3307 2
869 3254 1050 3308 contentionis
1063 3252 1100 3307 Μ
1143 3254 1159 3305 5
1174 3254 1240 3319 non}

109 3341 316 3396 etnonPedd.
384 3343 538 3411 domnam]
557 3343 628 3397 enim
647 3343 684 3396 M
773 3343 910 3412 queatiB
983 3339 1244 3406 illd,m.2illeM

109 3430 320 3485 dueatroramA
370 3431 525 3485 9damnati
544 3434 571 3483 A
642 3432 671 3485 in
690 3431 834 3487 concordia
851 3432 887 3485 M
942 3431 975 3486 10
994 3430 1028 3485 ab
1048 3430 1163 3485 eundem
1181 3426 1244 3481 ΜΡ

111 3520 178 3579 (corr.
196 3519 367 3586 adeundam)
420 3521 453 3574 12
471 3523 577 3591 partem
596 3521 758 3576 uestramB
809 3522 843 3576 14
861 3522 884 3574 si
903 3522 935 3574 ul
952 3520 1034 3575 limus
1049 3524 1128 3585 (corr.
1143 3518 1241 3581 lamus)

110 3604 140 3657 ll
153 3607 173 3659 si
190 3607 303 3662 uelimus
321 3608 349 3663 R
367 3610 426 3662 aiae
444 3610 525 3663 limus
538 3612 566 3663 A
623 3611 655 3664 15
674 3610 758 3680 longa
775 3610 875 3664 litteris
890 3610 920 3663 F
969 3610 999 3663 17
1015 3608 1135 3661 omnium
1149 3622 1199 3661 oar.
1214 3608 1241 3658 A

139 3695 491 3767 carthaginensium?
508 3713 577 3756 corr.
593 3698 817 3767 carthaginiensi)
833 3698 915 3751 FAP
928 3698 987 3753 edd.
1003 3694 1202 3766 kartaginensis
1218 3698 1241 3759 (s

111 3787 179 3849 eros.)
195 3787 221 3837 A
277 3786 309 3840 18
328 3786 437 3855 primati
454 3787 490 3841 Μ
560 3786 655 3841 habito
675 3804 708 3841 ec
725 3788 885 3841 coniectura
905 3786 1006 3841 addidi
1076 3785 1162 3854 patris
1181 3782 1245 3837 ΜΡ

111 3876 169 3924 mal
185 3889 253 3927 corr.
272 3879 373 3943 patroal
393 3874 448 3930 AR
503 3875 538 3931 20
556 3878 630 3945 nam}
649 3892 684 3929 ne
701 3878 729 3929 A
785 3876 819 3929 22
839 3878 956 3929 testatus
975 3877 1000 3927 A
1060 3874 1094 3927 23
1112 3871 1196 3925 inlrsa
1215 3874 1240 3923 A
