3092 5217
507 524 771 594 epistularum
801 524 868 581 ΟΝ.
1200 532 1265 596 585

117 737 187 781 mea
209 718 308 782 uerba
330 737 412 783 nuuc
435 718 554 783 insero:
579 719 659 783 ‘Non
684 720 873 803 praeterita',
902 721 1040 805 inquam,
1065 723 1265 789 ‘uindicando

116 843 247 907 pascere
264 825 343 889 iram
362 828 503 890 nostram
521 826 700 900 studemus,
724 827 781 891 sed
805 828 1051 895 misericorditer
1071 830 1102 893 in
1122 830 1266 895 futurum

118 931 311 997 consulendo
353 932 539 1015 satagimus.
581 931 698 996 habent
737 933 881 999 homines
925 936 1011 1013 mali,
1047 936 1102 1001 ubi
1139 942 1171 1001 et
1211 957 1267 1021 per

119 1038 317 1104 Christianos
345 1058 406 1104 non
439 1041 543 1104 solum
571 1043 736 1104 mansuete
769 1058 882 1105 uerum
910 1042 1006 1106 etiam
1034 1043 1157 1109 utiliter
1184 1044 1267 1107 salu·

89 1143 279 1226 ebriterqne
309 1146 503 1227 plectantur;
536 1144 654 1209 babent
687 1146 781 1224 enim,
816 1148 901 1228 quod
929 1167 1058 1231 corpore
1091 1150 1267 1215 incolumes

117 1250 242 1327 uiuunt,
272 1250 398 1327 habent,
422 1251 506 1315 unde
529 1251 655 1327 uiuunt,
685 1251 813 1331 habent,
837 1252 919 1318 undo
942 1256 1025 1319 male
1049 1255 1174 1321 uiuunt.
1204 1256 1266 1321 duo

116 1358 219 1440 prima
241 1358 331 1423 salua
353 1357 427 1434 sint,
452 1362 498 1434 ut,
524 1377 604 1441 quos
627 1359 797 1440 paeniteat,
824 1359 901 1437 sint;
930 1360 991 1425 hoc
1015 1364 1173 1443 optamus,
1196 1364 1267 1442 hoc,
1302 1374 1306 1385 '

117 1466 327 1545 quantumin
350 1464 442 1529 nobis
466 1467 525 1542 est,
550 1464 647 1529 etiam
670 1464 802 1547 inpensa
826 1484 920 1548 opera
942 1467 1109 1532 instamus.
1137 1470 1268 1533 tertium

117 1590 192 1635 nero
218 1571 246 1636 si
265 1571 412 1636 dominus
436 1571 576 1635 uoluerit
599 1574 763 1653 tamquam
787 1575 880 1655 putre
903 1573 1095 1657 noxiumque
1117 1592 1268 1653 resecare,

79 1700 101 1738 rr
117 1678 212 1742 ualde
239 1677 486 1743 misericorditer
512 1678 645 1760 puniet)
675 1680 752 1742 haec
776 1679 874 1743 uerba
897 1697 968 1743 mea
991 1678 1019 1743 si
1042 1680 1267 1756 recensuisses,

117 1803 190 1847 cunr
218 1784 297 1848 mibi
323 1785 495 1848 rescribere
520 1784 703 1868 dignareris,
733 1804 795 1850 nou
825 1786 929 1850 solum
958 1786 996 1849 de
1024 1788 1126 1851 morte
1155 1786 1268 1851 sedet

117 1891 154 1955 de
188 1890 313 1955 demnis
346 1890 561 1973 corporalibus
594 1891 753 1955 euitaudis
788 1910 908 1969 eorum,
946 1910 1002 1975 pro
1037 1892 1153 1973 quibus
1186 1893 1267 1976 agis,

116 2016 173 2062 nos
206 1996 399 2062 inuidiosius
434 2016 529 2079 quam
562 1996 737 2062 officiosius
769 1997 927 2081 rogandos
960 2002 1100 2081 putares,
1134 2017 1268 2081 quorum

117 2103 180 2167 diri
208 2104 293 2168 uelle
319 2122 378 2167 nos
410 2104 441 2167 in
472 2102 517 2167 eis
551 2103 678 2169 saluum
707 2122 789 2182 esse,
823 2104 908 2185 quod
936 2104 1113 2169 incolumes
1142 2123 1269 2187 corpore

81 2234 103 2273 ra
119 2210 246 2286 uiuunt,
283 2229 342 2275 nec
374 2212 554 2293 egestosam
588 2211 698 2290 uitam,
736 2214 774 2275 ut
805 2212 894 2276 uictu
927 2210 1090 2293 indigeant
1125 2210 1162 2275 ab
1196 2210 1267 2275 aliis

118 2317 292 2399 impartito,
324 2336 381 2399 per
412 2336 469 2382 nos
505 2317 550 2381 eis
583 2318 696 2401 utique
728 2317 923 2382 formidares.
958 2337 1092 2400 quorum
1125 2320 1158 2381 et
1187 2317 1268 2381 illud

119 2422 295 2487 secundum
319 2422 382 2486 diri
408 2422 493 2487 uelle
516 2442 575 2487 nos
605 2424 741 2500 saluum,
771 2424 856 2505 quod
879 2423 1006 2501 habent,
1034 2422 1118 2488 unde
1142 2424 1267 2487 uiuunt.

118 2529 250 2593 tertium
281 2548 368 2605 uero,
401 2530 485 2612 qnod
519 2529 645 2608 habeut,
682 2530 765 2595 unde
797 2531 880 2595 male
913 2531 1038 2606 uiuunt,
1072 2529 1104 2593 id
1139 2533 1198 2607 est,
1231 2532 1268 2594 ut

119 2636 198 2700 nihil
235 2636 324 2700 aliud
361 2636 473 2713 dicam,
516 2639 601 2701 certe
637 2636 721 2701 uude
760 2635 914 2701 falsorum
952 2636 1082 2701 deorum
1121 2637 1269 2721 argentea

79 2769 103 2807 ro
119 2742 312 2807 fabricauere
336 2743 515 2819 simulacra,
539 2763 595 2826 pro
620 2744 736 2825 quibus
759 2745 813 2808 uel
836 2741 1000 2807 seruandis
1023 2743 1077 2807 uel
1101 2741 1268 2807 adorandis

118 2849 170 2912 uel
207 2850 363 2933 sacrilego
399 2850 465 2913 ritu
502 2849 605 2914 adhuc
642 2849 783 2915 colendis
820 2868 923 2932 usque
960 2848 1000 2913 ad
1032 2847 1185 2913 ecclesiae
1219 2847 1269 2911 dei

118 2954 303 3036 prosiliatur
324 2955 504 3020 incendium
524 2958 557 3019 et
573 2955 889 3039 religiosissimorum
913 2974 1087 3038 pauperum
1113 2956 1268 3019 sustente-

119 3061 192 3125 cula
213 3060 334 3126 infelici
357 3063 457 3146 uulgo
481 3061 657 3144 diripienda
684 3063 893 3146 praebeantur
917 3062 1110 3145 sanguisque
1139 3060 1270 3125 funden-

119 3166 188 3245 dus,
217 3171 264 3247 tu,
290 3168 345 3251 qui
367 3172 441 3233 tuae
465 3169 605 3235 consulis
630 3169 766 3246 ciuitati,
796 3186 891 3252 quare
915 3168 1032 3233 metuis
1056 3168 1201 3245 resecari,
1230 3186 1269 3233 ne

79 3291 103 3331 a
119 3274 205 3338 omui
246 3275 340 3341 modo
381 3276 572 3359 impunitate
613 3276 790 3359 perniciosa
831 3276 991 3340 nutriatur
1031 3278 1063 3339 et
1103 3275 1270 3339 roboretur

119 3380 273 3445 audacia?
301 3382 361 3447 hoc
389 3382 481 3447 nobis
505 3382 655 3461 edissere,
685 3382 744 3447 hoc
773 3382 851 3447 doce
876 3383 1106 3464 circumspecta
1129 3379 1270 3462 disputa-

118 3487 202 3551 tione
227 3489 306 3570 quid
323 3490 399 3554 mali
427 3490 483 3566 sit3
512 3490 681 3573 diligenter
704 3488 851 3565 adtende,
880 3488 965 3572 quod
990 3488 1136 3567 dicimus,
1164 3507 1203 3552 ne
1225 3486 1271 3564 id,

120 3594 202 3675 quod
238 3596 334 3661 uobis
373 3596 522 3674 dicimus,
557 3597 650 3659 uelut
687 3596 796 3675 specie
834 3594 963 3678 petendi
1001 3592 1138 3676 quodam
1176 3593 1269 3658 modo

118 3702 319 3767 accusatione
343 3703 469 3785 obliqua
494 3702 617 3768 obicere
639 3700 788 3765 uidearis.

207 3877 297 3931 1-10
315 3902 349 3924 =
367 3897 394 3948 p.
412 3880 474 3942 434,
493 3880 582 3933 6-15

153 3986 170 4039 5
196 3986 327 4039 incolumi
350 3991 433 4053 (poet.
452 3988 462 4039 i
484 3987 516 4040 in
538 3992 608 4052 ras.)
631 3985 658 4040 U
679 3983 811 4037 incolumi
834 4000 873 4049 πη
893 3983 927 4050 cf.
946 3998 975 4035 u.
995 3984 1030 4034 14
1049 3985 1120 4049 etp.
1142 3983 1209 4041 434,
1229 3982 1267 4031 10

119 4075 134 4127 9
153 4074 288 4143 dominus]
304 4078 468 4143 p.434.13
487 4075 553 4129 deus
607 4074 739 4143 resecare]
755 4089 785 4141 p.
808 4075 875 4133 434,
890 4075 926 4124 14
944 4070 1060 4124 resecari
1099 4070 1131 4123 12
1147 4068 1264 4137 daronis]

117 4164 260 4216 tormentis
278 4164 310 4217 in
326 4179 384 4217 ras.
407 4163 434 4216 U
448 4164 592 4217 tormentis
611 4181 651 4231 ηις
669 4163 705 4230 cf.
720 4179 750 4232 p.
773 4164 838 4222 581,
859 4163 966 4213 12-13
1052 4175 1099 4227 pro
1120 4158 1217 4226 quibus
1237 4157 1268 4211 in

119 4268 173 4305 ras.
194 4250 222 4304 U
238 4251 334 4320 quibus
356 4251 381 4303 V
397 4252 457 4305 edd.
473 4258 586 4319 praeter
599 4269 626 4304 m
681 4250 741 4319 agis
759 4252 792 4302 ire
809 4266 867 4303 raa.
887 4248 969 4301 Ueis
986 4248 1011 4300 V
1027 4246 1087 4300 edd.
1104 4252 1216 4315 practer
1228 4263 1270 4312 m;

118 4342 153 4409 cf.
172 4359 201 4409 p.
222 4345 290 4403 593,
309 4345 344 4394 13
417 4339 682 4410 ariomanitae·
750 4341 785 4393 23
805 4338 958 4407 diripienda
976 4353 1027 4393 orn.
1055 4335 1108 4389 l'U
1124 4337 1165 4401 (ira
1184 4351 1263 4405 marg

118 4434 183 4483 Μ
202 4431 280 4495 add.)
301 4430 334 4484 lr
405 4430 582 4483 lundaturm
636 4429 671 4483 28
690 4428 769 4482 uobis
794 4427 821 4481 U
