3092 5217
527 515 794 584 epistularum
825 516 882 572 cll.
1215 523 1280 587 555

131 709 238 771 autem
274 705 396 789 quando
429 705 494 786 liat,
528 707 613 790 quod
645 709 685 774 ad
718 729 813 774 unam
847 710 1042 794 eandemque
1073 712 1216 779 fidelium
1249 716 1282 779 ct

130 813 256 895 piorum
278 813 499 880 liberationem
517 816 684 898 pertineat,
709 817 879 882 consilium
898 818 956 884 deo
975 819 1165 899 tribuamus,
1188 822 1282 889 nobis

131 919 364 986 oboedientiam
383 923 558 989 teneamus.
582 923 711 1006 proinde
736 923 807 989 aliis
826 927 903 990 tunc
926 927 1105 993 nominibus
1125 931 1158 992 eb
1181 927 1281 1014 signis

130 1025 203 1090 aliis
236 1031 343 1092 autem
375 1047 459 1093 nunc
491 1032 523 1093 et
558 1028 647 1112 prius
681 1030 840 1095 occultius
872 1034 984 1114 postea
1015 1033 1216 1099 manifestius
1249 1037 1282 1100 et

98 1133 218 1216 sprius
239 1153 258 1198 a
275 1133 477 1218 paucioribus
500 1140 575 1220 post
592 1155 611 1200 a
628 1137 773 1220 pluribus
798 1157 861 1202 uns
882 1142 988 1204 tamen
1009 1139 1182 1223 eademque
1205 1160 1282 1206 uera

130 1241 242 1324 religio
268 1241 464 1326 significatur
487 1246 519 1308 et
542 1243 737 1310 obseruatur.

55 1355 89 1417 13
173 1348 243 1414 Nec
271 1367 329 1414 nos
358 1348 404 1414 eis
432 1349 599 1428 obicimus,
633 1350 717 1433 quod
745 1352 838 1416 aliter
863 1351 971 1417 Numa
997 1353 1175 1436 Pompilius
1203 1352 1280 1419 deos

130 1455 282 1521 colendos
313 1455 465 1521 Romanis
501 1457 653 1534 instituit,
691 1459 786 1540 atque
818 1457 858 1522 ab
895 1457 942 1522 eis
978 1458 1032 1522 uel
1063 1458 1153 1524 Italis
1190 1463 1283 1525 antea

130 1561 326 1643 colebantur,
353 1581 411 1628 nec
435 1563 520 1647 quod
542 1563 751 1648 Pythagoreis
775 1564 973 1647 temporibus
995 1564 1052 1629 illa
1078 1565 1282 1649 philosophia

90 1669 290 1735 incelebrata
313 1673 372 1748 est,
401 1687 481 1753 quae
504 1673 598 1735 antea
624 1671 676 1734 uel
700 1671 827 1737 omniuo
851 1689 911 1736 non
936 1675 1004 1736 erat
1025 1672 1078 1735 uel
1101 1671 1134 1736 in
1156 1672 1281 1754 paucis·

130 1777 220 1842 simis
249 1777 359 1841 eadem
392 1777 603 1842 sentientibus
631 1797 693 1842 non
721 1782 827 1843 tamen
856 1777 967 1844 eodem
1000 1779 1065 1843 ritu
1096 1778 1281 1844 uiuentibus

130 1884 268 1949 sortasse
297 1883 453 1958 latitabat,
484 1883 540 1948 sed
567 1886 676 1950 utrum
703 1884 752 1948 illi
776 1883 821 1949 dii
843 1885 911 1949 ueri
935 1888 992 1950 aut
1014 1885 1138 1950 colendi
1161 1885 1226 1950 sint
1249 1887 1283 1949 et

130 1992 240 2054 utrum
272 1988 328 2053 illa
359 1989 561 2073 philosophia
593 1991 689 2056 saluti
718 1990 894 2055 animamm
922 1990 1043 2075 aliquid
1072 1991 1187 2076 prosit;
1220 1991 1281 2055 hoc

18 2103 19 2112 ’
131 2116 204 2162 cum
224 2097 271 2162 eis
290 2097 426 2181 agimus,
449 2098 510 2163 hoo
532 2099 565 2162 in
586 2097 803 2180 quaestionem
823 2116 987 2175 uocamus,
1011 2099 1071 2163 hoc
1091 2096 1281 2181 disputando

92 2222 112 2260 ra
131 2203 356 2268 conuellimus.
381 2202 527 2269 desinant
549 2203 649 2289 igitur
673 2203 797 2270 obicere
820 2204 925 2284 uobis,
950 2204 1035 2288 quod
1062 2203 1148 2269 omni
1176 2207 1281 2269 sectae

131 2313 163 2375 et
185 2310 273 2374 omni
296 2309 416 2375 nomini
433 2310 596 2395 religionis
617 2310 699 2377 obici
717 2314 834 2394 potest.
860 2329 932 2376 oum
956 2311 1041 2375 enim
1066 2329 1126 2376 non
1151 2310 1281 2376 fortuito

129 2415 196 2480 labi
225 2415 280 2480 sed
309 2416 419 2481 diuina
445 2415 646 2499 prouidentia
672 2420 815 2500 tempora
843 2417 979 2482 ordinari
1007 2417 1175 2494 fateantur,
1205 2416 1281 2498 quid

132 2521 247 2606 cuique
270 2522 406 2607 tempori
430 2526 538 2606 aptum
564 2523 596 2586 et
615 2525 827 2606 opportunum
846 2522 898 2600 sit,
918 2523 1093 2589 humanum
1112 2521 1281 2588 consilium

130 2627 398 2712 praetergreditur
434 2632 466 2692 et
502 2627 590 2693 illinc
629 2629 824 2712 dispertitur,
857 2629 940 2694 unde
975 2630 1047 2713 ipsa
1081 2628 1282 2712 prouidentia

90 2755 113 2793 ro
130 2736 227 2800 rebus
252 2735 400 2800 consulit.

58 2853 90 2914 14
177 2839 212 2908 Si
241 2842 323 2907 enim
352 2841 485 2906 dixerint
516 2843 681 2926 propterea
708 2861 769 2906 uon
798 2861 923 2925 semper
948 2861 1006 2906 nec
1033 2841 1152 2925 ubique
1179 2839 1280 2905 fuisse

132 2949 378 3033 Pythagoricum
405 2947 720 3030 disciplinam,.qnia
741 2948 938 3032 Pythagoras
966 2948 1061 3015 homo
1090 2948 1153 3012 fuit
1178 2965 1280 3031 neque

132 3055 250 3122 hocin
279 3060 437 3140 potestate
464 3054 580 3120 habere
606 3055 722 3138 potuit,
750 3055 907 3137 numquid
936 3055 1031 3120 etiam
1058 3055 1118 3120 hoc
1145 3057 1282 3137 possunt

133 3164 237 3229 dicere
265 3183 301 3228 eo
329 3161 400 3247 ipso
427 3165 580 3246 tempore,
610 3161 732 3244 quando
761 3161 834 3240 fuit,
863 3165 896 3225 et
922 3166 1078 3226 terrarum
1104 3161 1195 3238 locis,
1223 3159 1281 3224 ubi

169 3352 257 3407 liuit
276 3352 303 3405 A
374 3362 429 3405 unu
448 3349 603 3420 eademque,
623 3353 690 3404 (11.2
709 3359 762 3404 una
781 3351 950 3420 eandemque
971 3351 998 3406 G
1086 3351 1229 3420 tpiorum
1247 3367 1281 3405 cc

133 3458 202 3496 corr.
221 3447 281 3497 m.1
299 3439 333 3494 H
405 3440 569 3494 tribuamus
590 3440 609 3506 (l
629 3445 711 3504 eras.)
730 3439 768 3493 M
838 3439 998 3494 domnibus
1016 3438 1052 3494 H
1119 3441 1234 3510 ⁴iposte
1252 3439 1279 3492 A

133 3534 148 3585 5
167 3534 231 3602 post
248 3531 275 3598 a]
296 3532 392 3600 postea
410 3529 432 3584 0
448 3533 544 3598 postea
558 3545 574 3581 a
587 3529 617 3582 Ε
633 3526 693 3582 edd.
766 3528 862 3598 religio
883 3545 948 3583 uera
964 3527 1014 3582 GP
1030 3527 1089 3582 edd.
1141 3529 1156 3581 7
1177 3529 1235 3581 eius
1249 3527 1283 3581 H

169 3627 186 3688 p
206 3619 306 3690 opilius
324 3618 356 3672 H
373 3617 535 3688 pourpilisus
556 3617 583 3686 (b
603 3621 684 3686 eras.)
705 3616 742 3670 M
758 3616 904 3687 pompilius
924 3620 948 3669 A
968 3616 1123 3687 pompinius
1145 3616 1169 3670 0
1206 3617 1280 3671 8at·

135 3725 186 3778 que
205 3707 287 3762 aliter
305 3707 338 3761 ab
360 3705 409 3760 ΟΡ
426 3706 484 3760 edd.
582 3706 664 3760 ibonis
683 3707 714 3760 Ε
807 3708 871 3758 ante
891 3723 923 3760 ea
941 3705 972 3758 H
1065 3707 1097 3760 10
1117 3709 1181 3759 anto
1199 3723 1232 3758 ea
1249 3704 1283 3758 H

136 3797 166 3852 11
187 3795 309 3866 eademq‚
329 3795 557 3850 sentientibusG
630 3797 695 3864 uon]
714 3811 763 3848 uec
781 3794 813 3848 H
901 3795 932 3849 12
952 3793 992 3848 (111
1010 3794 1099 3849 illiG
1170 3797 1235 3847 sunt
1253 3793 1280 3846 A

136 3887 167 3941 13
186 3887 335 3940 animarum
355 3886 437 3940 saluti
456 3885 517 3940 edd.
574 3887 606 3940 15
627 3885 774 3954 designant
792 3884 822 3954 (g
840 3883 945 3950 (11110
1015 3883 1115 3952 sectae]
1134 3901 1188 3937 non
1207 3886 1280 3937 recte

133 3975 258 4046 religioni
277 3975 307 4028 Ε
360 3975 392 4030 16
410 3975 513 4028 nomini
531 3991 582 4029 om.
604 3973 630 4028 G
649 3974 757 4027 nomine
780 3971 803 4027 0
854 3972 995 4043 religionis
1014 3989 1065 4028 cm.
1084 3974 1116 4027 Ε
1131 3972 1280 4041 religionis,

135 4067 197 4118 m.2
214 4061 390 4132 religioniG
446 4063 528 4134 obici]
549 4063 613 4116 obis
631 4062 663 4116 H
716 4079 770 4116 uon
790 4077 841 4116 om.
860 4060 894 4115 H
945 4061 1061 4116 fortuitu
1080 4062 1108 4115 A
1158 4061 1280 4116 1811111-

135 4169 227 4222 porum
245 4151 284 4206 M
386 4151 546 4221 humanum]
571 4168 652 4205 unuln
672 4149 706 4204 H
795 4150 827 4205 19
851 4150 1024 4220 progreditur
1041 4149 1073 4204 Ε
1177 4150 1234 4203 illic
1252 4151 1283 4205 Ε

136 4242 167 4295 21
187 4241 310 4295 dixerunt
328 4241 355 4295 A
441 4242 475 4294 22
494 4240 629 4310 phygoras
649 4255 709 4294 mem
723 4255 822 4308 parua
839 4255 921 4307 super
938 4256 976 4308 yg
992 4256 1049 4293 ras.
1068 4238 1095 4292 A
1177 4239 1281 4293 231100

136 4347 184 4384 om.
204 4333 230 4384 A
283 4331 312 4383 in
332 4346 383 4384 cm.
402 4329 437 4384 H
488 4330 570 4383 etiam
589 4345 640 4384 om.
660 4327 754 4380 ΗΜΛ
809 4327 860 4381 hoo
879 4329 962 4381 etiam
982 4327 1070 4382 dicere
1089 4330 1205 4398 possunt
1219 4327 1279 4381 edd.

137 4419 170 4471 24
188 4419 262 4472 etin
280 4418 325 4472 his
342 4422 474 4472 terrarum
495 4416 555 4472 edd.
