3092 5217
306 537 371 601 630
658 535 684 587 S.
712 535 850 590 Aureli
877 536 1094 604 Augustini

307 728 392 806 tatis,
421 728 538 810 quibus
562 728 716 793 aduersus
743 748 803 793 uos
827 749 953 811 semper
976 730 1133 795 catholica
1156 730 1292 795 ecclesia
1316 750 1444 795 commo·
1527 742 1528 823 ᾗ

305 837 372 899 uita
399 838 458 912 est,
491 838 528 899 ut
558 855 615 900 nec
647 836 729 900 illud
756 836 794 900 de
822 855 904 919 aqua
932 836 1035 901 aliena
1061 840 1093 901 et
1121 837 1160 901 de
1188 856 1271 919 aqua
1297 836 1445 901 mendacii
1527 852 1528 913 ᾗ

306 945 339 1005 et
356 942 483 1006 lauacro
502 942 619 1006 mortui
639 946 671 1007 et
690 942 718 1009 si
737 962 800 1025 qua
818 942 881 1007 alia
900 946 975 1007 sunt
994 943 1090 1009 huius
1110 944 1207 1019 modi,
1228 944 1314 1008 sicut
1332 942 1445 1021 soletis,

305 1046 519 1132 intellegenda
537 1049 676 1126 fatearis,
696 1048 753 1113 sed
772 1067 809 1113 eo
828 1048 937 1133 potius
955 1048 1061 1125 modo,
1080 1051 1118 1113 ut
1135 1049 1316 1131 baptismus
1336 1048 1447 1113 Christi

306 1152 344 1217 ad
373 1154 645 1236 participationem
675 1156 789 1220 salutis
818 1158 962 1220 aeternae
991 1156 1084 1220 datus
1113 1156 1264 1220 ecclesiae
1287 1174 1348 1220 nec
1371 1159 1481 1220 extrar
1527 1164 1528 1223 l

306 1261 474 1325 ecclesiam
497 1261 656 1327 iudicetur
674 1267 840 1327 extraneus
864 1280 921 1327 neo
945 1262 975 1326 in
996 1263 1107 1327 alienis
1127 1262 1298 1345 deputetur
1321 1263 1447 1337 alienus,
1527 1240 1528 1313 l

307 1367 363 1431 sed
391 1369 545 1434 extraneis
574 1372 607 1433 et
634 1370 745 1434 alienis
773 1370 882 1434 ualeat
909 1370 948 1434 ad
976 1369 1157 1453 perniciem,
1191 1370 1259 1434 suis
1287 1372 1448 1434 autemst
1527 1404 1528 1473 l

305 1474 442 1557 propriis
470 1473 509 1539 ad
538 1476 675 1541 salutem
704 1480 800 1559 atque
828 1474 859 1540 in
887 1476 964 1551 illis,
994 1496 1067 1541 oum
1095 1476 1135 1540 ad
1161 1495 1274 1559 pacem
1301 1475 1448 1540 ecclesiae
1527 1474 1528 1547 l

306 1584 543 1661 conuertuntur,
566 1602 652 1649 error
674 1584 869 1661 emendetur,
897 1602 959 1647 nou
983 1586 1217 1647 sacramentum
1240 1602 1377 1647 errorem
1399 1601 1449 1665 pu·

306 1686 395 1751 niens
420 1687 604 1753 destruatur
631 1694 730 1773 utque
756 1689 1044 1772 id‚quodobe1·at
1070 1690 1148 1754 foris
1176 1708 1340 1771 pemerso‚
1368 1686 1448 1752 intus
1464 1710 1483 1749 a
1527 1684 1528 1765 l

306 1792 440 1875 incipiat
467 1796 617 1878 prodesse
645 1800 798 1875 correcto,
826 1816 884 1861 nec
912 1796 968 1860 illa
994 1816 1104 1861 mrsus
1129 1796 1167 1861 de
1194 1816 1256 1860 non
1279 1794 1448 1860 communi-

307 1899 406 1967 cando
439 1903 580 1984 peccatis
608 1903 731 1982 alienis,
758 1904 797 1968 ds
826 1903 1024 1986 separatione
1053 1902 1202 1979 amalis,
1231 1902 1270 1967 do
1297 1920 1362 1965 non
1388 1905 1450 1966 tan·

307 2006 408 2090 gendo
440 2007 592 2073 inmundo
625 2013 721 2091 atque
752 2008 887 2094 polluto,
922 2008 960 2074 de
988 2009 1130 2073 cauenda
1159 2006 1278 2074 modici
1310 2007 1450 2073 formenti

307 2114 509 2195 corruptions
536 2118 569 2179 st
596 2119 701 2180 cetera
728 2116 815 2193 talia,
847 2115 934 2180 siout
965 2116 1090 2192 soletis,
1122 2118 1311 2198 accepturus
1341 2134 1385 2191 es,
1415 2133 1449 2177 ne

306 2237 366 2283 uos
398 2219 430 2283 in
462 2220 645 2285 Maximiani
677 2242 774 2287 causa
804 2222 1070 2303 inexplicabiliter
1099 2221 1285 2303 implicetis
1323 2220 1380 2287 sed
1409 2221 1448 2283 ita
1464 2240 1484 2281 n
1527 2232 1528 2275 l

308 2325 433 2408 sapiens
465 2329 526 2392 hoo
558 2329 695 2407 adseres
722 2328 783 2395 hoc
815 2330 950 2406 tenebis,
979 2328 1062 2411 quod
1096 2347 1170 2394 sana
1202 2326 1347 2393 doctrina
1373 2346 1449 2393 com-

306 2432 445 2508 mendat,
478 2433 563 2513 quod
600 2452 672 2498 uera
705 2436 817 2519 regula
845 2434 996 2517 exemplis
1028 2432 1221 2516 propheticis
1255 2435 1352 2514 atque
1384 2451 1448 2515 apo·

308 2538 431 2603 stolicis
459 2540 572 2622 probat
598 2542 700 2605 malos
728 2561 800 2606 esse
826 2541 935 2625 potius
963 2540 1154 2618 tolerandos,
1187 2558 1226 2603 ue
1254 2538 1449 2603 destruantru

307 2644 392 2722 boni,
417 2664 512 2727 quam
537 2649 635 2712 bonos
659 2647 861 2727 deserendos,
890 2650 927 2711 ut
950 2650 1135 2730 separentur
1157 2646 1243 2722 mali,
1272 2648 1395 2711 tantum
1417 2646 1448 2709 ut

309 2751 347 2815 ab
374 2752 564 2831 imitatione,
593 2772 612 2817 a
634 2754 851 2830 consensione,
879 2774 898 2819 a
924 2755 1012 2819 uitae
1040 2772 1076 2818 ac
1099 2772 1223 2817 morum
1246 2751 1483 2817 similitudines

308 2858 431 2940 reprobi
467 2860 674 2943 seiungantur
705 2860 802 2925 simul
835 2864 1022 2937 crescentes,
1060 2860 1158 2926 simul
1188 2859 1220 2923 in
1253 2858 1449 2924 tribulatione

308 2965 465 3047 permixti,
490 2966 587 3031 simul
604 2968 688 3032 intra
705 2968 786 3032 retia
805 2968 989 3052 cougregati
1008 2986 1109 3049 usque
1128 2966 1167 3030 ad
1185 2969 1314 3049 tempus
1332 2964 1448 3039 messis,

310 3071 528 3136 uentilationis
557 3076 590 3137 et
621 3072 746 3138 litoris?
775 3074 813 3137 de
846 3072 1066 3156 perseeutione
1099 3074 1205 3137 autem
1234 3071 1386 3154 quicquid
1415 3070 1449 3135 ad

309 3177 510 3260 expellendos
539 3182 572 3243 et
599 3179 728 3244 sedibus
756 3178 988 3262 proturbaudos
1016 3178 1267 3243 Maximianistas
1296 3198 1315 3242 a
1340 3176 1448 3242 aestus

309 3302 367 3367 per
396 3285 519 3350 iudices
552 3288 659 3350 actum
692 3288 752 3364 est,
787 3304 849 3367 quo
882 3285 976 3350 modo
1010 3286 1196 3351 defensurus
1225 3304 1270 3359 ee,
1304 3286 1365 3350 nisi
1394 3284 1483 3348 hocs

309 3390 530 3471 prudentiores
557 3396 683 3457 uestros
707 3391 886 3475 corrigendi
913 3392 1028 3470 animo,
1056 3411 1116 3457 non
1140 3391 1274 3457 nocendi
1297 3390 1447 3455 moderato

310 3499 428 3561 terrore
455 3498 584 3573 decisam
618 3500 647 3563 si
675 3500 729 3579 qui
762 3502 869 3563 autem
897 3497 1070 3562 humanum
1098 3498 1227 3562 modum
1257 3500 1449 3562 excesserunt

310 3602 396 3668 siout
421 3603 454 3668 in
482 3605 544 3682 his,
572 3624 652 3687 quae
676 3604 821 3671 Saluium
845 3604 1145 3669 Membressitanum
1174 3622 1244 3668 esse
1272 3621 1447 3687 perpessum
1527 3588 1528 3611 ³

311 3710 427 3775 ciuitas
453 3710 524 3793 ipsa
547 3713 691 3787 testatur,
720 3731 780 3775 non
808 3710 1021 3795 praescribere
1046 3710 1167 3773 ceteris·
1183 3714 1345 3791 tamquam
1367 3708 1447 3792 palea

312 3836 385 3881 cum
407 3816 574 3881 frumentis
592 3819 624 3882 in
647 3839 711 3882 una
734 3821 1003 3883 sacramentomm
1023 3818 1243 3881 communione
1264 3814 1445 3884 constitutis,
1462 3844 1483 3883 so

311 3924 398 3987 uitae
421 3927 528 3988 autem
552 3924 814 3989 dissimilitudine
838 3924 1013 4008 separatis?

348 4187 361 4239 l
382 4185 522 4255 aduersus]
542 4186 590 4239 ubi
609 4202 702 4239 uersus
726 4186 846 4240 VUlsr
863 4184 910 4237 ubi
930 4184 1060 4237 aduersus
1078 4200 1105 4237 m
1192 4181 1326 4236 catholica
1344 4177 1446 4233 ecclesia
1527 4224 1528 4227 ,

311 4292 418 4343 semper
440 4274 467 4329 U
518 4275 669 4329 deoclesia
687 4275 715 4328 P
767 4272 940 4343 9puuiendo
959 4291 986 4327 m
1041 4274 1074 4327 13
1093 4271 1224 4325 frumenti
1247 4268 1275 4325 U
1330 4270 1359 4323 18
1377 4266 1445 4319 dese·

312 4369 442 4417 tanturm
533 4364 566 4417 19
584 4364 661 4433 mali]
682 4364 746 4417 boni
770 4362 891 4417 VUlsr
976 4363 1008 4415 21
1031 4362 1209 4430 seiungantur
1235 4360 1381 4413 crescentes
1397 4358 1445 4419 (om

311 4453 401 4519 simul)
426 4452 453 4507 U
486 4452 521 4505 ‘24
540 4451 737 4521 perturbandos
757 4452 810 4506 VU
826 4452 885 4505 edd.
923 4450 957 4505 28
977 4450 1082 4504 saluum
1100 4448 1154 4503 VU
1171 4449 1203 4502 ls
1240 4447 1272 4502 31
1289 4458 1402 4516 separare
1415 4440 1446 4493 P·
