3092 5217
360 480 627 551 epistularum
654 478 827 533 LXXXVIII.
856 478 1000 532 LXXXIX.
1187 484 1251 548 419

111 677 201 741 aderit
239 677 385 743 dominns
424 675 576 741 ecclesiae
613 696 700 754 suae,
738 679 775 741 ut
806 694 865 740 uos
897 674 1004 757 potius
1037 675 1251 741 humilitatem

109 788 242 849 nostram
266 785 497 866 contempsisse
523 784 694 868 paeniteat.

594 976 764 1040 LXXXIX.

145 1097 291 1153 DOMINO
310 1098 566 1154 olusculsslno
585 1098 631 1152 ΕΤ
650 1098 881 1155 IIONORABILI
899 1099 946 1154 AC
966 1098 1210 1155 SUSCIPIENDO

225 1188 327 1243 FILIO
345 1188 459 1243 FESTO
479 1187 709 1243 AUGUSTINUS
728 1189 770 1242 IN
789 1188 935 1243 DOMINO
957 1188 1131 1243 SALUTEM.

59 1298 69 1355 l
146 1297 178 1363 si
201 1317 260 1379 pro
285 1316 388 1362 errore
411 1297 556 1361 homines
580 1301 613 1361 ot
636 1296 808 1363 damnabili
831 1297 1029 1363 dissensione
1053 1301 1086 1362 et
1109 1298 1254 1363 conuiota

108 1404 203 1469 modis
231 1404 378 1468 omnibns
402 1403 542 1468 falsitate
570 1407 660 1467 tanta
682 1408 900 1487 praesumunt,
923 1407 961 1469 ut
984 1423 1092 1470 eorum
1117 1405 1253 1469 salutem

107 1511 273 1591 requirenti
303 1509 477 1575 catholicae
506 1510 751 1575 ecclesiastem
780 1510 941 1575 audaciter
963 1510 1104 1576 insidiari
1128 1512 1254 1575 minari·

108 1636 163 1699 qne
193 1636 257 1681 non
293 1620 428 1693 cessent,
462 1622 580 1699 quanto
613 1618 717 1702 magis
742 1636 879 1701 aequum
904 1621 953 1682 est
980 1620 1012 1683 ot
1039 1620 1164 1701 oportet
1187 1636 1252 1696 eos,

74 1724 268 1805 equiperis
298 1729 331 1787 et
357 1725 490 1788 unitatis
515 1724 711 1790 Christianae
740 1724 891 1789 adserunt
915 1724 1084 1789 uerItatem
1108 1724 1255 1789 omnibus

109 1832 197 1895 etiam
231 1831 511 1897 dissimulantibus
544 1837 576 1897 et
607 1832 828 1898 cohibentibus
862 1832 1071 1909 manifestam,
1110 1835 1255 1915 satagere

108 1938 258 2003 instanter
285 1943 381 2021 atque
408 1939 532 2023 inpigre
559 1958 620 2004 non
649 1940 756 2003 solum
779 1957 834 2020 pro
860 1957 966 2003 eorum
990 1937 1175 2016 mummius,
1192 1932 1254 2019 'qui

107 2045 165 2109 iarn
196 2045 349 2109 catholici
381 2049 466 2122 sunt
495 2064 608 2109 uerum
636 2046 730 2110 etiam
760 2063 815 2127 pro
840 2064 949 2109 eorum
973 2044 1176 2122 comestione,
1200 2043 1254 2126 qui

108 2151 242 2215 nondum
277 2155 367 2216 sunt!
405 2171 477 2215 nam
509 2153 538 2218 si
569 2153 741 2235 pertinacia
768 2150 997 2235 insuperabiles
1025 2150 1110 2215 uires
1138 2150 1256 2214 habere

74 2282 93 2317 :s
109 2262 244 2334 conatur,
271 2262 404 2342 quantas
429 2259 520 2323 decet
542 2259 657 2324 habere
681 2258 902 2333 constantiam,
927 2276 1007 2339 quae
1034 2257 1066 2323 in
1095 2277 1131 2322 eo
1159 2256 1254 2337 bono,

109 2366 186 2447 quod
217 2369 459 2449 perseueranter
487 2370 583 2448 atque
610 2364 853 2449 infatigabiliter
880 2362 1094 2447 agitaltes
1120 2382 1154 2427 se
1186 2363 1254 2445 pla-

109 2492 173 2537 cere
195 2473 291 2537 nouit
313 2475 347 2537 et
368 2474 479 2555 procul
503 2473 600 2538 dubio
624 2492 686 2537 non
710 2475 818 2554 potest
840 2470 1021 2535 homInibus
1044 2470 1256 2552 prudentibus

109 2578 287 2659 displicere!

58 2682 72 2741 ‘3
148 2682 231 2762 Quid
264 2688 371 2749 antem
403 2684 563 2749 infelicius
596 2687 690 2768 atque
722 2682 916 2766 peruersius,
951 2683 1036 2747 sicut
1067 2681 1253 2746 Donatistae

73 2790 233 2871 usaeinnt,
272 2792 328 2874 qui
362 2810 396 2856 se
428 2791 680 2874 persecutionem
714 2791 837 2873 perpeti
869 2789 1053 2873 gloriantur,
1087 2806 1181 2871 quam
1215 2789 1255 2854 de

109 2898 315 2963 cohercitione
338 2897 517 2981 iniquitatis
542 2917 618 2963 snae
642 2917 703 2961 non
728 2898 833 2962 solum
861 2896 982 2961 nescire
1010 2894 1169 2971 confundi,
1198 2896 1255 2961 sed

109 3006 196 3069 etiam
221 3005 308 3069 uelle
331 3005 454 3069 landari
477 3005 658 3088 ignorantes
683 3004 834 3069 caecitate
859 3002 995 3067 mirabili
1024 3003 1078 3065 uel
1106 3002 1255 3067 animosi-

108 3113 168 3175 tate
200 3110 375 3175 damnabili
407 3131 441 3176 se
474 3113 553 3176 scire
586 3111 837 3187 dissimulantes,
866 3109 951 3193 quod
978 3112 1132 3191 martyres
1161 3127 1255 3173 ueros

108 3236 163 3281 non
199 3217 298 3282 iaciat
328 3236 432 3301 poena
463 3217 519 3283 sed
552 3222 668 3283 causa?
701 3221 734 3282 et
765 3218 825 3282 hoc
859 3216 987 3299 quidem
1015 3214 1171 3279 aduersus
1199 3234 1253 3279 eos

73 3345 94 3383 a
109 3322 252 3401 direrem,
272 3343 353 3407 quos
373 3326 441 3389 sola
460 3325 562 3409 caligo
582 3324 733 3389 haeretici
757 3323 869 3389 emonis
893 3322 1082 3397 inuolueret
1107 3340 1162 3405 pro
1191 3339 1253 3405 quo

109 3430 270 3515 sacrilegio
297 3450 415 3513 poenas
444 3430 648 3515 dignissimas
676 3430 810 3505 luerent,
839 3448 895 3493 nec
923 3430 1029 3491 tamen
1057 3426 1124 3490 ulla
1147 3445 1254 3508 quern-

109 3556 196 3617 quam
221 3537 363 3601 uiolenta
385 3537 509 3601 insania
530 3536 654 3601 laedere
678 3536 839 3600 auderent.
864 3535 1018 3600 aduersus
1042 3532 1122 3597 istos
1146 3536 1252 3596 autem

189 3728 272 3781 Idem
291 3729 403 3792 codices,
423 3729 472 3796 qui
488 3730 521 3781 ica
538 3744 578 3795 ep.
598 3727 784 3781 LXXXVII
800 3732 825 3780 ct
843 3726 1052 3781 LXXXVIII.

138 3851 346 3922 camparando
365 3851 394 3903 P
481 3851 498 3904 8
518 3850 652 3905 catholica
671 3851 793 3915 ecclesia,
813 3867 881 3905 corr.
902 3849 1051 3903 catholicae
1071 3847 1200 3902 ecclesiae
1218 3846 1256 3899 a!

140 3941 280 3996 audaciter
297 3941 317 4007 (i
337 3945 410 4010 exp.)
428 3941 457 3994 P
473 3939 603 3994 audacter
620 3939 648 3994 R
666 3940 727 3994 edd.
805 3940 821 3993 9
842 3942 949 3994 cessant
966 3939 1003 3991 M
1010 3943 1097 4007 10001.
1117 3940 1251 3999 cessaent)

108 4030 158 4085 Fa
229 4034 363 4099 quantum
381 4030 437 4083 Fa
494 4030 526 4084 10
543 4030 668 4091 meritam,
687 4033 749 4083 1112
767 4028 957 4081 11011101001Ρ
1011 4027 1040 4079 11
1061 4024 1209 4079 manifesta
1227 4023 1257 4077 F

112 4122 140 4174 14
155 4119 357 4190 insuperabilia,
376 4119 523 4175 corrlaid.
542 4118 738 4187 insuperabiles
757 4117 794 4171 M
858 4119 891 4170 15
911 4121 1042 4170 conantur
1059 4114 1096 4168 M
1167 4130 1253 4183 quan·

109 4215 160 4263 tam
176 4209 240 4264 MR
314 4209 468 4263 constantia
486 4208 517 4261 F
580 4209 613 4262 16
633 4207 698 4261 deus
717 4206 748 4259 F
817 4206 923 4275 placere
942 4222 970 4259 se
990 4204 1049 4259 edd.
1119 4204 1153 4257 19
1173 4206 1201 4255 et
1219 4202 1255 4255 M

110 4301 138 4350 'll
157 4299 314 4352 cohertione
331 4298 360 4352 R
400 4297 434 4351 22
454 4298 597 4351 cecitatem
616 4297 679 4350 MA
719 4297 754 4351 23
775 4295 976 4349 dissimulantes
995 4310 1046 4347 our.
1065 4293 1093 4348 R
1130 4291 1254 4347 26110110

110 4387 221 4442 JIFAR
278 4387 310 4439 27
330 4387 463 4440 uiolentia
479 4387 515 4440 Μ
586 4391 676 4440 autem
694 4386 762 4439 istos
782 4385 842 4439 edd.

1162 4486 1212 4540 27*
