3092 5217
499 493 763 563 epistularum
790 491 835 547 LI.
863 491 921 548 LII.
1211 496 1273 560 149
1301 466 1306 475 ⁴

127 689 207 754 nude
234 689 343 772 ipsum
373 687 576 772 euangelium
603 687 634 751 in
663 685 804 752 Africam
832 687 932 764 uenit,
957 707 1015 753 non
1041 689 1170 752 habent!
1197 688 1273 771 qnid

123 796 269 879 pluribus
299 799 416 862 onero?
444 794 483 859 ad
510 793 575 858 ista
600 793 764 876 responde.
789 793 923 859 adtende
947 793 1148 878 sacrilegium
1173 795 1273 859 schis-

123 901 219 966 matis
262 906 370 966 uestro
409 899 543 966 coneilio
580 899 827 964 Maximianistis
865 904 1099 986 exaggeratum,
1138 899 1272 964 adtende

121 1007 360 1091 persecutiones
391 1027 448 1091 per
478 1006 659 1072 iudiciarias
692 1008 880 1091 potestates,
904 1025 982 1088 quas
1016 1007 1061 1070 eis
1088 1005 1270 1090 inrogastis,

96 1115 258 1180 santoneo
286 1114 482 1198 baptismum
511 1133 630 1192 eorum,
659 1133 753 1197 quern
782 1133 854 1178 oum
883 1113 938 1190 eis,
972 1132 1052 1196 quos
1086 1111 1270 1188 damnastis,

122 1221 301 1306 recepistis,
340 1225 373 1287 et
407 1221 575 1305 responde,
613 1221 641 1286 si
675 1223 780 1303 potes,
817 1223 925 1285 utrum
961 1221 1104 1285 habeatis
1140 1218 1269 1300 aliquid,
1384 1274 1389 1282 .

122 1329 203 1394 nude
232 1329 374 1394 iniciatis
401 1328 534 1393 nebulas
562 1326 730 1411 imperitis,
759 1345 815 1393 cur
838 1327 876 1391 ab
901 1327 974 1393 orbe
997 1329 1151 1391 terrarum
1173 1326 1268 1409 longe

123 1436 241 1500 maiore
269 1435 390 1500 scelere
418 1435 600 1500 schismatis
633 1433 830 1517 separemini,
863 1453 958 1518 quam
990 1433 1074 1516 quod
1105 1433 1137 1496 in
1171 1431 1268 1496 Maxi·

121 1541 281 1607 minuistis
317 1561 378 1606 nos
415 1541 582 1608 damnasse
619 1541 810 1626 gloriamini.
847 1560 906 1624 por
944 1540 1061 1607 Christi
1098 1539 1205 1604 nincat
1235 1539 1266 1601 in

85 1665 107 1704 c
122 1648 210 1714 eorde
234 1651 303 1716 tuo.

657 1841 726 1906 Lll.

181 1980 333 2036 DOMINO
351 1981 505 2036 MULTUM
522 1981 781 2036 DESIDERABILI
800 1981 845 2035 ET
864 1981 985 2036 vlnus
1004 1978 1195 2035 csulssmo

395 2070 527 2125 FRATRI
546 2069 728 2126 SEVERINO
748 2070 986 2126 AUGUSTINUS.

159 2198 297 2263 Litteras
320 2196 526 2262 fraternitatis
548 2201 622 2261 tuae
647 2196 708 2262 etsi
731 2196 825 2261 ualde
849 2214 930 2272 sero,
954 2195 1015 2260 etsi
1040 2195 1263 2278 praeterquod

87 2323 107 2362 n
122 2324 329 2387 speraueram,
367 2309 473 2368 tamen
505 2305 610 2369 laetus
642 2304 760 2388 accepi.
792 2303 928 2368 maxime
961 2303 1111 2383 ampliore
1145 2301 1261 2386 gaudio

122 2413 262 2494 perinsus
292 2430 375 2492 sum,
403 2429 477 2475 curn
505 2411 728 2495 cognouissem
760 2411 921 2475 hominem
952 2413 1096 2474 uestrum
1127 2409 1159 2472 in
1192 2409 1262 2493 ipsa

123 2519 184 2582 sola
211 2537 309 2582 causa
336 2516 462 2583 uenisse
491 2516 682 2601 Hipponem,
709 2520 747 2584 ut
775 2518 814 2582 ad
837 2537 887 2583 me
909 2518 1034 2582 litteras
1057 2519 1131 2608 tuae
1153 2516 1261 2581 frater-

121 2623 223 2690 nitatis
253 2624 398 2690 adferret.
433 2625 575 2710 oogitaui
602 2625 685 2689 enim
713 2645 773 2690 non
803 2624 870 2690 sine
899 2645 993 2690 eausa
1026 2626 1085 2691 hoe
1118 2627 1259 2690 exortum

120 2749 184 2795 esse
215 2731 248 2796 in
282 2731 387 2795 animo
421 2734 486 2808 tuo,
519 2733 557 2796 ut
588 2734 741 2796 recoleres
774 2733 1081 2816 consanguinitatem
1109 2736 1259 2810 nostram,

82 2857 103 2894 a
119 2837 174 2903 nisi
202 2839 276 2920 quia
303 2838 439 2903 fortasse
466 2839 631 2921 perspicis,
656 2839 740 2903 sicut
762 2839 839 2905 noui
861 2858 922 2903 uon
944 2840 1017 2903 leue
1041 2838 1163 2922 pondus
1187 2859 1257 2922 prn-

119 2943 236 3008 dentiae
263 2947 348 3021 tuae,
379 2963 473 3026 quam
502 2944 546 3009 sit
573 2944 752 3024 dolendum,
781 2950 827 3026 ut,
858 2944 911 3029 qui
936 2944 1109 3010 secundum
1134 2965 1258 3010 earnem

119 3050 226 3115 iratres
253 3069 376 3130 sumus,
405 3052 437 3114 in
462 3050 581 3117 Christi
604 3071 733 3135 corpore
756 3073 818 3119 nou
841 3073 903 3117 una
922 3053 1074 3118 societate
1097 3053 1256 3128 uiuamus,

118 3158 295 3237 praesertim
315 3157 390 3240 qnia
412 3156 505 3222 facile
527 3158 588 3223 tibi
608 3161 657 3224 est
676 3159 843 3225 adtendere
863 3163 895 3225 et
913 3160 1020 3224 uidere
1040 3160 1255 3226 ciuitatem

119 3283 232 3344 snper
268 3269 447 3328 montem
483 3265 767 3344 constitutam,
801 3267 839 3332 de
873 3287 935 3350 qua
967 3267 1114 3332 dominns
1147 3268 1192 3332 ait
1224 3269 1254 3330 in

198 3451 232 3506 23
249 3453 346 3508 hiatth
369 3455 394 3518 5,
416 3455 449 3507 14

149 3556 261 3628 lande]
284 3557 358 3612 unde
381 3557 409 3612 di
432 3559 473 3629 (di
494 3560 547 3614 del.
566 3578 601 3617 m.
619 3567 652 3616 et
668 3563 728 3619 uid.
747 3569 773 3629 1)
795 3563 916 3618 Munda
936 3564 969 3618 de
988 3564 1034 3634 (de
1053 3581 1112 3633 exp.
1132 3570 1207 3632 aad)
1227 3564 1258 3617 F

115 3644 130 3697 2
146 3661 239 3699 oneror
256 3646 282 3701 R
373 3648 391 3702 3
408 3649 630 3715 maximianistas,
649 3657 710 3706 Μ
727 3668 796 3707 corr.
814 3653 1021 3708 maximianistis
1039 3654 1068 3710 R
1155 3655 1173 3707 4
1192 3671 1252 3724 per·

114 3735 262 3799 secuciouis,
280 3752 351 3793 cerr.
370 3753 405 3790 m.
425 3743 457 3790 at
474 3737 533 3791 uid.
551 3743 567 3792 1
585 3741 788 3809 persecutiones
806 3741 844 3795 M
913 3742 1056 3798 iudicarias
1074 3743 1112 3796 M
1171 3745 1254 3798 leur

115 3823 144 3874 ab
162 3824 226 3878 orbe
245 3829 302 3890 (cur
321 3826 355 3880 ab
376 3826 589 3882 oiarsonis
605 3847 639 3884 m.
657 3835 684 3896 1)
705 3829 734 3882 F
827 3831 843 3884 8
863 3831 971 3886 sceleris
990 3833 1144 3886 schismatis
1162 3832 1252 3886 MFA

114 3911 215 3965 sceleris
234 3915 359 3969 scismate
378 3915 407 3971 R
479 3916 513 3971 10
531 3919 592 3986 tuo]
612 3924 660 3972 tuo
680 3919 848 3976 ΕΥΤΥΧωΟ
867 3919 930 3976 Rm
1004 3921 1115 3992 explicit
1134 3922 1252 3993 epistula

114 4001 195 4053 saneti
214 4003 334 4071 agustini
353 4001 389 4057 ad
408 4004 554 4074 crispinum
572 4005 629 4060 FP

195 4105 272 4161 Idem
290 4109 403 4174 codices,
421 4110 470 4179 qai
487 4111 519 4164 in
537 4129 576 4180 ep.
595 4112 644 4166 LI

145 4211 392 4269 reclamemus
445 4217 617 4288 nauperes
687 4221 856 4292 maximeque
875 4222 935 4277 edd.
1009 4225 1249 4294 amplioriRedd.

114 4299 143 4351 16
159 4303 349 4370 cognouisse„
366 4305 409 4374 (nt
427 4311 509 4373 erac)
524 4308 552 4360 P
621 4310 662 4379 in]
682 4310 733 4365 hac
752 4311 814 4368 edd.
905 4314 940 4367 24
959 4319 1177 4384 supermontem
1197 4331 1247 4370 ern.

114 4386 193 4441 MFA
211 4390 240 4443 in
259 4393 395 4449 montell
468 4394 536 4450 dicit
552 4399 580 4453 R
