3092 5217
257 492 299 554 92
609 488 635 541 S.
665 487 801 540 Aureli
832 487 1050 556 Augustini

257 685 364 748 orbem
393 686 558 759 terrarum,
588 683 642 766 qni
670 683 697 747 ei
725 702 781 766 per
808 682 1016 766 ignorantiam
1046 682 1269 758 communicat,
1304 683 1397 747 altare

257 793 392 856 alterum
416 791 535 874 erigere
559 791 756 854 audeamus?

227 895 247 956 9
300 897 384 962 Huic
412 901 479 961 tam
507 916 582 962 sano
610 899 759 978 rectoque
788 896 920 961 consilio
950 896 1094 979 quisquis
1122 895 1252 960 infrenis
1281 895 1398 959 obtem·

257 1020 363 1086 perare
392 1003 558 1078 noluisset,
587 1002 663 1086 quid
692 1007 778 1066 esset
804 1002 946 1066 facturus
974 1005 1030 1067 aut
1058 1021 1119 1083 quo
1143 1001 1237 1066 modo
1261 1001 1398 1083 aliquem

258 1110 437 1174 absentium
475 1110 668 1194 collegarum
706 1113 792 1173 esset
825 1108 1040 1186 damnaturus,
1074 1127 1146 1173 oum
1178 1108 1209 1172 in
1242 1111 1398 1190 potestate
1425 1132 1436 1170 s

258 1221 328 1282 acta
351 1216 477 1281 concilii
500 1235 562 1280 non
586 1216 715 1280 haberet
738 1215 969 1280 contradicente
988 1215 1144 1298 primate?
1163 1215 1249 1296 quod
1267 1215 1296 1280 si
1314 1217 1399 1280 tanto

258 1327 291 1387 et
323 1322 475 1387 aduersus
508 1323 641 1406 primam
675 1321 783 1386 sedem
817 1322 930 1386 seditio
963 1325 1153 1399 nasceretur,
1187 1324 1224 1385 ut
1259 1321 1400 1386 nonnulli

258 1429 404 1493 damnare
428 1430 491 1493 iam
515 1430 644 1504 uellent,
669 1449 748 1512 qnos
772 1429 902 1494 uolebat
924 1429 978 1492 ille
1003 1427 1129 1505 differri,
1149 1431 1265 1511 quanto
1285 1428 1399 1492 melius

258 1555 276 1600 a
298 1537 417 1600 talibus
440 1536 581 1618 inquieta
605 1540 637 1600 et
659 1537 805 1620 inpacata
823 1536 1026 1601 molientibus
1046 1555 1140 1618 quam
1161 1555 1179 1600 a
1196 1535 1297 1600 totius
1316 1534 1399 1598 orbis

258 1644 479 1707 communione
507 1642 742 1708 dissentiretur!
772 1643 828 1708 sed
857 1643 929 1725 quia
957 1663 1018 1706 non
1046 1646 1143 1706 erant.
1168 1661 1248 1725 quae
1270 1641 1302 1705 in
1327 1639 1400 1705 Cae·
1419 1665 1441 1704 a

259 1750 408 1814 ciliannm
438 1754 470 1813 et
498 1749 691 1814 ordinatores
719 1751 789 1814 eius
812 1751 1021 1814 transmarino
1046 1749 1162 1814 iudicio
1186 1749 1400 1831 probarentur,
1529 1790 1530 1866 p

258 1861 422 1939 propterea
444 1875 513 1932 nec,
537 1857 723 1940 priusquam
747 1857 779 1920 in
803 1877 877 1922 eum
902 1857 1074 1923 sententias
1099 1856 1250 1934 dicerent,
1280 1855 1400 1920 differre

258 1963 428 2027 noluerunt
454 1981 521 2040 neo,
549 1967 661 2046 postea
684 1982 778 2044 quarn
804 1963 956 2028 dixerunt.
981 1967 1220 2046 perseueranter
1242 1963 1274 2026 id
1298 1980 1401 2045 agere,

258 2073 296 2134 nt
333 2069 485 2134 ecclesiae
522 2069 748 2134 transmarinae
786 2070 817 2133 in
856 2071 1002 2134 notitiam
1034 2071 1233 2152 perferretur,
1267 2088 1403 2152 qnorum

259 2176 448 2242 traditorum
475 2175 507 2240 in
534 2175 640 2239 Africa
663 2175 882 2240 damnatorum
907 2177 1161 2242 communionem
1187 2177 1287 2240 uitare
1311 2175 1446 2240 debe-1⁵
1530 2196 1531 2258 ι

258 2290 337 2359 rent,
362 2285 445 2367 quia,
465 2284 492 2348 si
511 2282 543 2346 id
562 2283 663 2347 facere
682 2282 937 2366 temptanissent,
956 2283 1105 2348 adessent
1124 2284 1185 2348 sibi
1205 2283 1404 2349 Caecilianus
1530 2267 1531 2272 ἵ

259 2395 292 2455 et
314 2391 410 2455 ceteri
434 2394 466 2454 et
488 2409 580 2454 suam
603 2408 730 2454 cerream
755 2388 909 2454 aduersus
931 2389 1060 2454 fallaces
1085 2390 1300 2454 criminatores
1320 2389 1406 2472 apud

259 2497 484 2561 transmarinos
516 2496 751 2562 ecclesiasticos
780 2496 901 2560 iudices
931 2495 1177 2580 diligentissima
1205 2495 1406 2561 discussione

260 2605 440 2688 purgarent.
1531 2604 1532 2682 l

209 2706 250 2769 10
304 2710 415 2791 Itaque
442 2709 612 2773 consilium
639 2708 720 2773 illud
750 2729 935 2792 peruersum
963 2712 1058 2791 atque
1081 2710 1233 2774 nefan'um
1258 2708 1407 2785 maxime,
1425 2729 1451 2770 aa
1531 2685 1532 2706 ¹

260 2821 297 2880 ut
324 2817 473 2891 creditur,
500 2815 688 2880 traditorum
716 2817 788 2892 fuit,
813 2817 928 2898 quibus
953 2817 1107 2882 confessis
1132 2816 1295 2883 Secundus
1320 2816 1408 2898 Tigi-

260 2923 384 2988 sitanus
410 2923 587 3006 ignouerat,
611 2925 657 2997 ut,
680 2922 829 3006 quoniam
854 2923 892 2986 de
915 2924 1083 2988 traditione
1106 2925 1191 2988 fama
1213 2923 1408 3002 crebruerat,

260 3029 420 3094 infamatis
444 3028 514 3093 aliis
539 3049 557 3091 a
579 3047 614 3092 se
642 3033 821 3093 auerterent
852 3030 1066 3112 suspicionem
1098 3035 1140 3100 et,
1164 3049 1237 3094 oum
1260 3029 1410 3094 homines

260 3156 316 3218 per
342 3135 481 3200 Africam
508 3138 609 3200 totam
638 3135 800 3200 credentes
829 3135 987 3218 episcopis
1014 3137 1096 3202 falsa
1122 3136 1161 3200 de
1184 3137 1410 3201 innocentibus

260 3244 474 3324 loquerentur,
494 3240 579 3323 qnod
597 3240 737 3306 damnati
755 3248 863 3307 essent
882 3244 966 3326 apud
985 3243 1208 3328 Carthaginem
1228 3243 1412 3322 traditores,
1430 3265 1456 3305 as

261 3353 424 3430 tamquam
460 3345 491 3410 in
529 3346 643 3412 nebula
682 3347 921 3413 mendacissimi
943 3352 1097 3414 ¹rumoris
1134 3351 1205 3431 ipsi,
1243 3350 1298 3433 qui
1332 3370 1413 3415 uere

261 3455 464 3530 tradiderant,
493 3453 664 3520 latitarent.
699 3455 782 3520 unde
810 3457 939 3534 uidetis
969 3456 1135 3536 carissimi,
1159 3457 1226 3521 fieri
1249 3457 1413 3540 potuisse,

297 3685 313 3736 2
333 3681 471 3736 uideamus
491 3681 551 3735 Mla
571 3683 778 3752 (m.1arrpral
796 3683 951 3744 audeamus)
990 3685 1006 3738 6
1026 3685 1143 3753 primatu
1157 3682 1275 3738 MFAR
1331 3687 1416 3738 tanta

262 3773 300 3842 et]
319 3771 432 3839 tantel,
451 3789 485 3824 ra.
503 3777 535 3825 at
553 3771 611 3824 uid.
632 3774 763 3842 2tanta}
785 3772 822 3826 Μ
886 3773 1052 3827 8uolebant
1070 3773 1110 3826 illi
1129 3773 1209 3825 Aac
1299 3770 1416 3828 differre

262 3859 351 3914 MFa
370 3859 473 3913 deferre
492 3860 519 3913 A
573 3861 739 3930 9atotiua]
758 3862 911 3916 atoniusA
976 3862 1050 3915 urbia
1069 3860 1157 3915 MFA
1215 3861 1247 3914 12
1267 3860 1416 3916 deferrem

263 3950 296 4004 13
315 3949 467 4012 noluerunt,
486 3952 552 4002 nr.2
570 3949 715 4003 noluerant
732 3949 759 4002 P
777 3949 921 4003 uoluerunt
939 3950 999 4004 edd.
1014 3955 1127 4020 practer
1138 3966 1156 4003 a
1244 3951 1275 4002 15
1296 3949 1418 4006 deberet

262 4038 322 4092 edri.
379 4038 413 4092 16
430 4038 535 4090 facere·
553 4037 582 4090 P
651 4037 705 4092 sibi
724 4040 746 4107 (a
765 4043 847 4106 eras.)
867 4038 895 4091 P
950 4040 982 4092 18
1000 4039 1113 4101 indicos,
1132 4044 1192 4092 m.1
1211 4055 1225 4092 e
1243 4053 1329 4106 super
1350 4058 1368 4092 o
1389 4041 1418 4096 R

262 4128 297 4180 20
315 4126 457 4180 concilium
477 4125 537 4179 edd.
606 4127 638 4179 21
660 4127 798 4180 Secundus
818 4144 868 4181 om.
889 4130 923 4182 Μ
990 4129 1024 4182 22
1044 4128 1199 4182 crebruerat
1218 4127 1296 4193 (med.
1317 4145 1331 4180 r
1353 4145 1417 4198 cap.

261 4235 295 4270 m.
306 4221 330 4277 1)
349 4215 379 4269 F
396 4215 546 4279 crebuerat,
565 4229 634 4268 cora.
655 4214 761 4282 (m.1?)
782 4215 936 4270 crebruerat
950 4217 985 4270 Μ
1029 4219 1063 4272 23
1083 4219 1221 4271 uerterent
1233 4215 1270 4268 M
1284 4285 1288 4290 Ι
1313 4215 1354 4270 26
1369 4233 1418 4271 ne-

261 4305 325 4359 bula
338 4304 402 4358 ΜΡ
419 4307 557 4372 (maroa.)
573 4303 601 4358 R
618 4304 745 4357 nebulan
760 4304 812 4358 ΓΑ
873 4305 1104 4360 mendacissimird
1118 4305 1120 4373 l
1134 4306 1195 4370 oris,
1215 4308 1280 4360 m.2
1297 4304 1418 4360 menda·

263 4393 399 4447 decissimi
417 4409 448 4445 ru
461 4392 464 4461 i
476 4392 558 4446 moria
576 4393 605 4445 P
657 4394 691 4446 27
710 4392 832 4447 tradidei
850 4392 877 4445 P
948 4393 1096 4448 latitabant
1114 4393 1151 4447 Μ
