3092 5217
313 509 377 571 596
670 510 696 563 S.
725 508 862 563 Aureli
890 508 1106 579 Augustini

312 720 448 783 comque
481 719 519 765 ex
550 700 614 767 illis
647 706 721 767 nata
757 702 885 777 fuerint,
925 702 1137 768 characterem
1171 704 1291 771 domiui
1326 705 1380 769 sui
1417 704 1474 769 eis

310 808 432 892 inligat,
469 827 508 873 ne
545 809 666 874 furtum
699 810 767 874 eius
805 810 909 892 possit
943 811 1083 894 agnosci.
1120 812 1166 876 sic
1201 812 1284 877 euim
1316 811 1477 877 iecerunt

311 916 447 980 maiores
475 917 591 989 uestri;
621 920 850 999 separauerunt
877 916 916 981 ab
940 918 1075 983 ccclesia
1099 918 1219 984 Christi
1244 920 1382 1003 populos
1410 918 1475 981 ha-

311 1022 422 1088 bentes
458 1023 654 1105 baptismum
687 1022 808 1089 Christi
839 1027 882 1103 et,
919 1024 1111 1108 quicumque
1142 1026 1207 1091 illis
1239 1026 1475 1101 adorauerunt,

311 1129 470 1212 baptismo
486 1130 604 1196 Christi
618 1150 672 1196 eos
691 1130 945 1215 baptiaauerunt.
965 1132 1023 1197 sed
1037 1132 1184 1197 dominus
1199 1136 1232 1197 11
1249 1132 1334 1197 iures
1353 1132 1474 1215 punit,
1499 1155 1510 1195 1

312 1237 340 1300 si
367 1256 429 1301 nou
458 1257 492 1303 se
516 1238 714 1315 correxerint,
744 1242 777 1303 et
800 1258 877 1303 oues
910 1239 948 1303 ah
978 1258 1080 1304 errore
1109 1244 1239 1305 reuocat
1265 1239 1302 1304 ad
1326 1257 1476 1325 gregem

311 1363 367 1408 nec
390 1345 423 1409 in
447 1346 493 1409 eis
518 1364 613 1411 suum
636 1346 823 1410 exterminat
846 1346 1068 1413 characterem.

268 1446 287 1508 2
355 1452 472 1517 Dicitis
495 1472 553 1517 uos
577 1453 757 1530 traditores,
786 1452 871 1535 quod
899 1472 957 1518 nec
981 1454 1115 1518 maiores
1139 1454 1239 1519 uestri
1266 1454 1297 1518 iu
1318 1452 1473 1517 maiores

310 1563 436 1624 nostros
458 1562 634 1643 potueruut
651 1578 708 1625 nee
727 1580 786 1625 uos
810 1560 842 1624 in
862 1578 919 1625 nos
942 1560 1073 1645 probare
1097 1561 1163 1627 ullo
1182 1560 1276 1626 modo
1298 1560 1473 1643 poteritis.

311 1666 388 1749 quid
415 1667 508 1731 uobis
536 1666 637 1731 uultis
665 1666 832 1745 faciamus,
865 1666 931 1750 qui,
965 1667 1087 1751 quando
1120 1668 1212 1733 uobis
1241 1667 1387 1743 dicimus,
1430 1671 1508 1730 utn

311 1792 440 1838 causam
458 1778 601 1839 nostem
621 1777 653 1839 et
670 1778 811 1839 uestram
834 1774 993 1856 patienter
1015 1774 1162 1851 audiatis,
1185 1795 1245 1841 nou
1269 1776 1370 1841 nostis
1395 1773 1473 1837 nisi

311 1880 474 1963 superbire
502 1883 534 1944 et
560 1881 718 1945 insanire?
746 1900 820 1945 nam
848 1881 959 1965 utique
982 1882 1221 1947 ostenderemus
1249 1882 1352 1957 uobis,
1381 1882 1472 1965 quia

309 1988 358 2052 illi
385 1988 494 2071 potius
518 1988 686 2053 traditores
714 1987 853 2065 fuerunt,
885 1988 938 2071 qui
964 1986 1178 2054 Caecilianum
1203 1992 1235 2053 et
1257 1989 1361 2054 socios
1384 1988 1469 2053 eius

310 2094 402 2177 quasi
427 2094 609 2159 traditionis
637 2094 769 2159 crimine
798 2094 1038 2159 damnauerunt.
1072 2098 1104 2161 et
1132 2094 1237 2161 dicitis
1264 2094 1417 2161 ‘recedite
1452 2116 1469 2159 a

309 2200 457 2284 plebibus
484 2200 623 2279 uostris',
656 2218 734 2283 quas
763 2202 896 2279 docetis,
929 2203 966 2265 ut
993 2202 1086 2267 uobis
1115 2202 1244 2267 credant
1271 2204 1303 2266 at
1328 2200 1505 2267 Christos

310 2326 372 2372 non
395 2306 535 2373 credant.
559 2327 616 2372 uos
637 2308 721 2372 enim
740 2307 787 2373 eis
807 2306 914 2372 dicitis
938 2312 1066 2391 propter
1088 2308 1268 2386 traditores,
1291 2327 1371 2390 quos
1396 2328 1466 2373 non

310 2413 490 2493 ostenditis,
518 2414 709 2479 remansisse
733 2414 902 2479 ecclesiam
927 2413 1045 2479 Christi
1072 2416 1104 2478 in
1132 2415 1201 2480 solo
1223 2414 1328 2479 Africa
1355 2416 1465 2497 partis
1538 2498 1539 2503 ἵ

310 2520 436 2597 Donati,
466 2520 552 2603 quod
573 2540 635 2586 nou
660 2521 698 2586 de
720 2522 805 2606 lege,
832 2540 893 2586 non
918 2522 956 2586 de
980 2520 1143 2606 propheta,
1172 2542 1233 2587 non
1258 2522 1296 2587 de
1318 2523 1461 2604 psalmo,
1538 2506 1539 2574 1

309 2648 369 2693 nou
394 2628 432 2693 de
452 2628 609 2711 apostolo,
633 2648 693 2693 non
717 2627 756 2693 de
780 2628 945 2711 euangelio
975 2628 1030 2693 sed
1054 2628 1092 2695 de
1116 2628 1209 2694 corde
1232 2633 1337 2695 uestro
1363 2630 1396 2694 et
1423 2630 1462 2695 de

308 2737 474 2818 parentum
499 2736 679 2799 uestromm
707 2736 876 2801 calumniis
899 2735 1061 2823 recitatis.-
1077 2735 1221 2801 Christus
1245 2738 1351 2801 autem
1379 2736 1462 2801 dicit
1478 2747 1501 2785 tl

309 2842 546 2926 praedicari
573 2842 613 2906 in
640 2842 799 2908 nomine
828 2862 900 2907 suo
928 2842 1226 2925 paenitentiam
1256 2845 1294 2908 et
1320 2844 1460 2907 remis-

309 2948 462 3014 sionem
501 2954 764 3031 peccatorum
800 2968 871 3032 por
908 2968 1042 3014 omnes
1080 2951 1223 3033 gentes
1262 2949 1459 3033 incipien-

309 3055 422 3119 tibus
452 3055 496 3119 ah
521 3055 793 3131 Hierusalem,
822 3055 875 3119 cui
899 3054 1052 3121 ecclesiae
1076 3074 1112 3120 ex
1136 3075 1187 3120 ore
1211 3054 1332 3121 Christi
1359 3056 1457 3120 mani-

308 3162 442 3227 lest-atae
461 3182 521 3227 uos
540 3182 601 3228 non
621 3162 865 3227 communicatis
887 3164 919 3227 et
937 3161 1016 3227 alios
1036 3160 1069 3225 in
1087 3166 1227 3227 uestram
1246 3162 1455 3245 perditionem
1537 3182 1538 3186 ¹

308 3268 469 3333 trahentes
492 3268 620 3333 liberari
643 3288 703 3334 non
727 3268 839 3335 uultis.
1488 3281 1493 3289 '

221 3376 285 3441 113
355 3372 390 3439 si
427 3378 535 3438 autem
561 3373 633 3438 ideo
670 3374 763 3439 uobis
797 3373 1014 3457 displicemus,
1042 3373 1118 3456 quia
1143 3392 1199 3455 per
1229 3372 1453 3455 imperatorum

308 3480 466 3546 iussiones
486 3479 524 3544 ad
543 3481 698 3545 unitatem
717 3480 879 3565 cogimini,
904 3479 963 3545 hoc
983 3498 1042 3545 uos
1065 3480 1198 3557 fecistis,
1222 3480 1289 3561 qui,
1313 3480 1453 3545 ubicum-

309 3606 369 3669 que
396 3588 555 3653 uellemus
583 3586 763 3671 praedicare
792 3586 970 3662 ueritatem,
999 3590 1036 3650 ut
1064 3606 1131 3651 eam
1160 3584 1296 3668 quisque
1326 3606 1451 3653 securus

397 3831 428 3882 21
450 3830 515 3886 Luc.
535 3832 632 3892 2147

345 3970 410 4023 101
429 3972 468 4023 es
487 3953 601 4024 natent
648 3972 801 4042 arrogant
819 3972 909 4026 msa
963 3972 1061 4041 possit]
1080 3970 1217 4041 poscitur
1265 3970 1450 4040 rneqnenr

343 4062 513 4121 extenninat
533 4076 602 4114 corr.
620 4062 862 4116 m.1erterrninet
881 4060 918 4114 M
987 4060 1050 4113 8in
1069 4076 1125 4113 ras.
1145 4076 1178 4115 ex
1196 4060 1233 4113 im
1252 4060 1280 4114 P
1351 4062 1381 4115 13
1397 4076 1446 4128 po-

306 4149 361 4201 tius
380 4148 422 4202 illi
441 4146 502 4202 edd.
603 4148 645 4203 illi
663 4166 715 4205 om.
735 4150 762 4202 P
836 4150 868 4203 15
887 4148 975 4213 nobis,
993 4154 1054 4202 m.1
1073 4148 1290 4217 mrmaluohis
1308 4149 1335 4203 11
1417 4148 1444 4201 in

307 4236 407 4290 christo
426 4238 467 4306 (in
485 4235 538 4292 del.
557 4242 626 4303 111)
646 4237 674 4291 R
739 4239 771 4293 16
793 4238 831 4291 eis
851 4254 901 4293 om.
919 4237 948 4291 P
1010 4238 1043 4292 18
1062 4237 1207 4307 prophetia
1225 4236 1253 4291 R
1309 4238 1341 4291 19
1358 4238 1444 4290 neruo
1535 4238 1536 4245 ’

305 4342 362 4380 ras.
381 4342 414 4380 ecc
432 4330 527 4379 nostro
541 4328 568 4381 R
621 4328 656 4381 23
674 4326 850 4381 manifestate
865 4326 956 4380 MFP
971 4325 1047 4396 (m.2
1064 4325 1249 4397 manifestate)
1269 4326 1402 4381 manifeste
1415 4326 1443 4376 A

306 4416 341 4469 24
359 4415 441 4469 aliam
461 4415 498 4468 M
550 4416 583 4469 27
604 4416 738 4485 cogemini
758 4415 788 4469 F
