3092 5217
484 501 751 571 epistularum
779 502 899 559 XXXVI.
1220 512 1262 575 33

124 714 175 761 nec
198 693 328 759 dixerim
351 712 449 775 paene
469 692 648 783 uniuersam
670 694 724 757 sed
744 696 838 777 plane
857 696 1050 762 uniuersam.
1071 718 1144 763 nam
1162 720 1264 783 neque

123 804 207 885 ipsis,
227 820 361 885 quorum
381 799 644 865 consuetudinem
668 801 730 865 sibi
753 801 883 867 uidetur
906 804 1083 881 defendere,
1104 806 1265 872 inuenitur

123 908 296 993 pepercisse
323 905 485 985 Romanis,
510 906 576 981 sed,
602 926 663 988 quo
691 908 788 971 modo
815 909 846 972 in
877 927 931 972 eos
957 928 1082 991 quoque
1106 911 1263 977 redundet

123 1015 333 1081 conuiuiorum
357 1014 426 1077 eius
449 1012 601 1095 impetus,
625 1014 737 1091 nescit,
762 1016 912 1097 quoniam
935 1034 995 1079 non
1021 1016 1167 1082 aduertit.
1192 1040 1263 1084 nam

93 1142 191 1187 rcum
214 1142 286 1187 eum
311 1124 499 1205 argumenta
522 1119 683 1197 deficiunt,
703 1121 820 1203 quibus
840 1122 953 1204 probet
971 1123 1103 1189 sabbato
1126 1124 1266 1191 ieiunan-

123 1230 203 1305 dum,
230 1228 262 1292 iu
292 1226 434 1293 luxurias
463 1227 629 1310 epularum
657 1232 689 1290 et
712 1228 890 1292 temulenta
913 1229 1062 1293 conuiuia
1085 1234 1118 1293 et
1140 1233 1265 1315 nequis-

122 1336 214 1399 simas
242 1334 411 1399 ebrietates
439 1333 687 1398 insultabundus
717 1333 888 1412 inuehitur,
919 1334 1011 1418 quasi
1040 1354 1101 1400 non
1124 1337 1264 1402 ieiunare

121 1442 177 1506 boc
200 1442 243 1505 sit
266 1439 423 1505 inebriari.
448 1440 531 1521 quod
557 1440 585 1505 si
608 1440 668 1504 hoc
693 1442 752 1518 est,
778 1441 853 1523 quid
874 1459 948 1524 ergo
966 1442 1096 1523 prodest
1115 1444 1266 1509 Romanis

121 1548 249 1613 sabbato
284 1548 431 1625 ieiunare,
464 1547 589 1630 quando
623 1548 749 1628 quidem
785 1548 857 1612 aliis
891 1549 1016 1626 diebus,
1049 1550 1164 1632 quibus
1202 1570 1264 1615 non

85 1680 104 1714 a
121 1655 267 1729 ieiunant,
279 1672 410 1718 necesse
424 1657 474 1717 est
487 1672 541 1717 eos
556 1654 729 1717 secundnm
747 1653 995 1735 disputationem
1011 1656 1107 1719 huius
1122 1656 1265 1721 ebriosos
1295 1674 1299 1681 ·

122 1765 150 1825 et
175 1761 368 1825 uentmcolas
397 1760 552 1823 iudicari?
580 1780 672 1843 porro
701 1760 728 1823 si
758 1760 845 1824 aliud
873 1764 924 1825 est
951 1780 1082 1844 grauate
1111 1763 1206 1827 corda
1232 1763 1264 1827 in

121 1869 245 1949 crapula
269 1870 302 1931 et
324 1867 487 1945 ebrietate,
512 1866 596 1948 quod
619 1886 745 1948 semper
768 1869 818 1931 est
835 1867 965 1944 malurn,
986 1868 1072 1933 aliud
1090 1873 1139 1933 est
1157 1872 1265 1935 autem

121 1973 273 2039 modestia
306 1975 338 2037 et
369 1972 578 2055 temperantia
611 1972 772 2037 custodita
803 1973 942 2036 relaxare
979 1974 1144 2051 ieiunium,
1181 1974 1266 2057 quod

121 2084 210 2155 certe,
230 2099 305 2145 oum
329 2080 366 2143 fit
389 2079 439 2143 die
464 2078 633 2155 dominico,
652 2080 910 2161 reprehensorem
934 2098 995 2143 non
1015 2079 1111 2145 hahet
1131 2080 1264 2145 Christi·

84 2206 103 2243 1⁵
120 2207 220 2264 anum,
252 2187 386 2270 prandia
417 2186 504 2269 prius
540 2188 722 2249 sanctorum
755 2205 773 2248 a
805 2186 980 2250 meracitate
1014 2189 1047 2250 et
1079 2186 1264 2251 ebriositate

121 2295 366 2360 nentricolarum
392 2293 455 2357 iste
484 2292 652 2369 discernat,
677 2311 715 2355 ne
743 2292 903 2356 Romanos
931 2293 1030 2374 ipsos,
1055 2292 1179 2374 quando
1203 2311 1264 2358 nou

120 2401 266 2477 ieiunant,
293 2399 484 2464 uentricolas
508 2398 616 2477 faciat,
641 2399 673 2461 et
695 2402 771 2462 tuno
795 2398 943 2480 inquirat,
963 2418 1024 2465 uon
1042 2403 1150 2463 utrum
1169 2400 1266 2464 liceat

119 2508 263 2572 inebriari
299 2507 441 2583 sabbato,
476 2505 561 2587 quod
594 2523 652 2569 nec
684 2504 842 2570 dominico
876 2506 961 2583 licet,
996 2506 1053 2570 sed
1076 2510 1183 2571 utrum
1207 2525 1264 2571 nec

120 2614 247 2679 sabbato
272 2612 478 2677 ieiunandum
502 2611 556 2689 sit,
582 2611 668 2675 sicut
691 2611 850 2676 dominico
875 2631 936 2676 non
960 2612 1051 2679 solet.

46 2718 102 2775 ln
160 2718 253 2799 Quod
277 2720 401 2784 utinam
426 2718 473 2783 sic
497 2722 662 2800 quaereret
690 2723 746 2782 aut
769 2719 816 2783 sic
839 2718 1027 2799 adfirmaret,
1051 2724 1089 2782 ut
1111 2722 1180 2784 toto
1204 2722 1264 2783 ter-

119 2846 217 2890 ramm
243 2826 321 2891 orbe
345 2826 493 2889 diffusam
518 2824 657 2907 exceptis
681 2825 834 2889 Romanis
862 2828 894 2890 et
922 2826 1026 2890 adhuc
1047 2825 1159 2908 paucis
1183 2826 1264 2891 ocei-

119 2934 297 2999 dentalibus
321 2933 520 3015 apertissime
545 2952 605 2997 non
629 2933 865 3016 blasphemaret
884 2932 1063 2998 ecclesiam.
1087 2951 1169 2997 nuno
1190 2951 1264 2997 uero

118 3040 185 3121 quis
211 3042 297 3105 ierat
319 3060 376 3121 per
398 3058 507 3104 omnes
537 3040 703 3105 orientales
733 3043 764 3103 et
787 3042 907 3105 multos
931 3040 1028 3103 etiam
1052 3039 1263 3104 occidentales

117 3149 247 3229 populos
275 3145 473 3211 Christianos
505 3145 543 3210 de
576 3148 625 3210 tot
656 3146 817 3229 tantisque
853 3146 982 3211 famulis
1019 3146 1264 3228 famulabusque

80 3253 232 3319 Ξ50111111
262 3254 397 3331 sabbato
428 3252 532 3318 sobrie
560 3252 769 3336 modesteque
792 3253 1019 3335 prandentibus
1041 3252 1078 3317 ab
1102 3253 1166 3317 isto
1191 3252 1263 3328 dici,

117 3362 196 3442 qnod
227 3362 270 3425 in
306 3378 424 3424 carne
459 3360 542 3423 sint
575 3362 607 3423 et
639 3359 710 3424 deo
743 3360 906 3443 placere
938 3378 1012 3424 non
1044 3358 1211 3441 possint
1234 3362 1266 3423 et

116 3468 196 3549 quod
219 3468 260 3532 de
282 3467 352 3533 illis
376 3466 418 3531 sit
442 3466 610 3550 scriptum:
633 3466 795 3531 Recedant
812 3466 914 3549 iniqui
933 3486 952 3530 a
969 3485 1030 3543 me,
1049 3465 1136 3529 uiam
1156 3483 1264 3529 eorum

200 3660 235 3713 26
255 3658 336 3711 Rom.
355 3656 380 3719 8,
400 3656 416 3709 8
471 3656 504 3709 27
524 3654 623 3710 Matth.
646 3656 671 3721 7,
690 3656 736 3719 23;
756 3654 820 3710 Luc.
842 3656 883 3719 13,
903 3654 937 3709 27

147 3786 164 3836 2
182 3782 236 3837 sihi
257 3798 311 3837 om.
331 3780 370 3834 Ρ1
424 3781 612 3850 3perpecisse
634 3784 659 3847 (r
677 3780 741 3843 del.)
760 3780 795 3834 H
847 3782 943 3834 bearn
962 3797 1014 3836 om.
1034 3779 1093 3833 ΗΡ
1110 3780 1136 3833 ei
1157 3778 1266 3833 Talna

148 3871 294 3926 sabbatum
314 3869 342 3923 P
404 3870 565 3924 6conuiuia
584 3886 645 3934 ona,
664 3873 731 3923 m.2
750 3869 815 3922 add.
835 3869 869 3923 H
937 3869 1105 3938 nequissima
1125 3866 1266 3921 ebrietatis

115 3960 287 4014 insultandus
307 3959 333 4013 T
380 3958 515 4027 equibus
533 3959 565 4011 in
578 3958 639 4027 fine
656 3975 684 4014 a.
705 3958 807 4012 om‚P¹
860 3959 893 4012 10
915 3962 958 4012 est
976 3976 1027 4013 om.
1047 3955 1085 4011 P²
1136 3958 1167 4010 ll
1183 3956 1266 4010 uetri·

116 4046 685 4111 colas,co·rr.m.utuicl.1uontricolas
704 4046 741 4100 P¹
815 4046 936 4100 iudicare
955 4046 995 4100 P²
1064 4048 1097 4101 15
1115 4045 1184 4115 prin,
1202 4047 1267 4099 m.2

115 4138 176 4193 add.
196 4155 209 4191 s
228 4136 264 4191 H
280 4137 357 4206 prior
370 4134 406 4187 1²¹
445 4136 476 4188 17
497 4134 678 4199 faciatcorr.
698 4133 1072 4191 11111111.1111111111ι
1110 4134 1143 4187 18
1158 4132 1266 4202 qnod-

15 4226 17 4251 ⁵
115 4226 176 4279 licet
193 4241 247 4279 om.
266 4223 310 4279 Ρ3
383 4222 528 4292 dominico]
548 4223 681 4278 dominico
701 4224 746 4277 die
758 4223 800 4277 P²
817 4223 862 4277 die
881 4223 1014 4277 dominico
1034 4222 1094 4279 edd.
1151 4224 1183 4275 19
1203 4220 1265 4275 sab·

115 4315 204 4368 batum
218 4314 259 4367 P²
308 4313 341 4366 21
363 4311 522 4366 adhocHP
566 4314 601 4367 24
619 4313 733 4383 populos
748 4330 799 4367 om.
814 4312 855 4366 P⁸
907 4312 1074 4382 tantiqueP
1117 4312 1152 4365 27
1166 4311 1264 4380 iniqui]

116 4402 207 4471 inquid
225 4402 263 4456 Ρ1

142 4528 257 4576 xxiiim,
269 4528 332 4576 Aug.
342 4530 397 4567 sect.
413 4526 436 4565 11
450 4536 501 4576 par·
511 4529 532 4567 1.
1195 4505 1213 4559 3
