3092 5217
509 461 774 528 epistularum
802 459 896 513 LXIV.
1210 463 1271 526 231

132 652 216 733 prius
239 652 340 716 nolite
357 651 390 715 in
410 650 593 716 scandalum
612 652 739 716 mittere
758 654 927 718 ecclesiam
944 654 1078 738 legendo
1098 655 1128 720 in
1148 653 1274 739 populis

133 757 314 840 scripturas,
347 777 427 841 quas
460 759 830 858 cononecolesiesticus
857 779 918 825 non
945 761 1079 845 recepit:
1113 761 1163 825 his
1192 761 1274 824 enim

132 864 278 928 haeretici
302 869 335 929 et
360 865 497 930 manime
520 865 697 930 Manichaei
725 851 829 932 solen't
852 867 1001 950 inperitus
1034 870 1156 931 mentes
1188 885 1274 933 euer-

133 976 205 1046 tere,
230 991 311 1054 quos
335 973 366 1036 in
390 992 501 1057 campo
526 977 633 1038 nestro
656 972 792 1038 libenter
814 973 938 1038 latitare
958 974 1061 1042 audio.
1086 973 1182 1038 miror
1201 991 1273 1056 ergo

109 1077 328 1160 spmdentium
351 1082 452 1158 tuum,
476 1079 560 1163 quod
583 1099 634 1145 me
657 1079 867 1156 admonueris,
891 1083 929 1144 ut
950 1081 1073 1144 iubeam
1098 1099 1158 1144 non
1178 1079 1275 1162 recipi

134 1203 194 1261 eos,
229 1185 285 1266 qui
313 1184 353 1250 ad
380 1205 438 1251 uos
467 1204 485 1248 a
511 1185 606 1250 uobis
634 1185 673 1249 ad
701 1185 927 1250 monasterium
954 1185 1095 1262 ueniunt,
1120 1187 1166 1263 ut,
1190 1185 1276 1268 quod

134 1294 287 1356 statutum
326 1295 376 1356 est
408 1311 426 1355 a
457 1293 548 1356 uobis
584 1293 616 1357 in
654 1292 799 1368 concilio,
837 1295 1042 1374 permaneret,
1082 1295 1114 1356 et
1144 1295 1179 1356 tu
1213 1311 1274 1356 non

133 1397 312 1460 memineris
340 1397 372 1461 in
400 1397 533 1462 concilio
561 1398 757 1475 institutum,
787 1415 866 1479 quae
895 1398 960 1462 sint
988 1398 1161 1480 scripturae
1186 1417 1275 1463 cano-

134 1502 227 1580 nicae,
252 1523 333 1585 quoe
356 1505 387 1568 in
406 1505 525 1587 populo
544 1504 594 1569 dei
612 1505 677 1588 legi
697 1503 839 1568 debeant.
865 1523 992 1569 recense
1012 1523 1084 1588 ergo
1105 1504 1273 1569 concilium

102 1636 120 1674 o
136 1614 164 1673 ct
185 1611 300 1688 omnia,
325 1629 404 1693 quoe
426 1611 473 1675 ibi
494 1611 620 1695 legeris,
644 1609 832 1676 commenda
853 1611 1036 1685 memoriam
1062 1612 1095 1673 et
1116 1610 1160 1673 ibi
1180 1609 1273 1673 etiam

135 1716 272 1780 inuenies
296 1715 335 1781 de
358 1717 436 1782 solis
461 1717 584 1782 clericis
606 1717 706 1783 fuisse
729 1719 898 1795 statutum,
921 1735 982 1781 non
1002 1717 1097 1780 etiam
1117 1714 1275 1791 domicio,

135 1826 168 1886 ot
197 1821 419 1906 undecumque
450 1823 616 1889 uenientes
647 1843 708 1890 non
740 1824 932 1906 recipiantur
968 1823 1000 1888 in
1037 1821 1275 1897 monesterium,

136 1948 190 1993 non
214 1931 290 2012 quia
312 1931 497 1996 monasterii
519 1932 603 1995 facta
625 1933 743 1996 mentio
767 1936 827 2008 est,
852 1930 908 1995 sed
931 1930 1005 2012 quio
1028 1929 1074 1994 sic
1092 1928 1275 1993 institutum

137 2039 250 2111 estut
275 2036 425 2100 clericum
448 2037 586 2102 alienum
609 2055 701 2101 nemo
725 2037 890 2120 suscipiat.
922 2036 1040 2100 recenti
1068 2037 1174 2099 autern
1202 2053 1275 2100 con-

102 2167 122 2206 o
137 2141 203 2206 cilio
236 2144 397 2207 statutum
430 2147 489 2218 est,
521 2147 559 2207 ut
590 2143 629 2208 de
657 2144 764 2226 aliquo
792 2143 983 2208 monasterio
1012 2143 1066 2224 qui
1087 2142 1276 2206 recesserint

136 2247 182 2312 uel
217 2248 353 2330 proiecti
389 2250 516 2328 fuerint,
553 2269 614 2314 non
652 2251 730 2315 fiant
764 2250 840 2315 alibi
878 2249 983 2314 clerici
1016 2253 1072 2313 aut
1102 2248 1275 2333 praepositi

137 2355 405 2420 monasteriorum.
437 2356 465 2420 si
493 2375 567 2441 ergo
592 2358 630 2421 de
652 2357 836 2421 Priuatione
858 2360 890 2420 te
914 2356 1033 2437 aliquid
1058 2356 1169 2432 mouit,
1194 2354 1275 2419 scias

138 2479 203 2524 eum
230 2462 369 2526 anobis
396 2463 534 2527 nondum
564 2483 635 2528 esse
663 2466 848 2546 susceptum
880 2463 912 2526 in
945 2462 1186 2540 monasterium
1221 2460 1276 2524 sed

137 2587 258 2632 causum
290 2569 394 2653 ipsius
427 2571 466 2632 ad
499 2589 606 2634 senem
634 2569 799 2634 Aurelium
831 2569 916 2646 misi,
949 2572 995 2648 ut,
1029 2568 1114 2650 quod
1146 2568 1184 2631 de
1220 2566 1276 2631 illo

101 2702 122 2738 o
138 2676 288 2754 statuerit,
318 2677 378 2741 hoc
404 2675 529 2741 facium.
563 2678 660 2742 miror
687 2677 780 2752 enim,
810 2679 917 2740 utrum
944 2675 1006 2740 iem
1038 2677 1148 2758 potest
1177 2675 1279 2737 lector

58 2856 61 2861 y
138 2782 286 2866 deputari,
316 2784 370 2866 qui
399 2803 459 2848 non
488 2784 549 2848 nisi
578 2785 678 2848 semel
705 2783 879 2867 scripturus
908 2782 1003 2846 otiam
1026 2800 1086 2845 non
1111 2779 1276 2845 canonicas

137 2889 219 2972 legit.
243 2890 271 2954 si
295 2889 380 2954 enim
403 2894 569 2973 propterea
591 2890 654 2953 iam
676 2888 731 2953 ille
750 2890 851 2954 lector
870 2887 1117 2963 ecclesiasticus,
1136 2887 1277 2968 profecto

138 2999 167 3058 et
198 2994 254 3060 illa
289 2997 448 3078 scriptura
484 2996 700 3061 ecclesiastice
731 2999 795 3071 est;
835 2997 863 3059 si
895 2998 1001 3060 autem
1033 2994 1090 3058 illu
1123 2993 1279 3075 scriptum

139 3102 350 3167 ecclesiastica
368 3121 431 3167 non
451 3106 511 3178 est,
531 3102 675 3185 quisquis
695 3121 763 3166 eam
784 3104 931 3185 quemuis
950 3101 981 3164 in
1003 3101 1137 3166 ecclesio
1154 3099 1278 3183 legerit,

101 3208 367 3273 aecclesiasticus
404 3210 505 3274 lector
539 3228 600 3273 uon
639 3214 698 3273 est.
740 3211 845 3273 tamen
884 3208 922 3272 de
960 3208 1023 3272 isto
1066 3201 1294 3282 adulescente,¹

139 3316 218 3398 quod
244 3320 419 3381 memorato
448 3316 585 3380 antistiti
608 3316 715 3379 uisum
739 3315 845 3394 fuerit,
870 3315 930 3380 hoo
954 3317 1079 3398 oportet
1102 3314 1278 3379 obseruem.

28 3451 33 3466 ·
68 3422 83 3480 l
177 3423 271 3487 Plebs
308 3427 416 3488 sutem
449 3422 661 3506 Vigesilitane
696 3422 865 3486 uobiscum
903 3421 994 3486 nobis
1033 3420 1065 3485 in
1100 3420 1278 3486 uisceribus

139 3526 252 3591 Christi
283 3529 448 3594 carissima
479 3529 507 3592 si
540 3528 723 3610 episcopum
757 3529 787 3591 in
817 3527 960 3611 plenario
988 3527 1112 3592 Africae
1145 3527 1278 3592 concilio

139 3632 339 3716 degradatum
366 3635 527 3717 suscipere
555 3633 702 3711 noluerit,
727 3654 803 3699 sano
828 3635 930 3716 capite
953 3635 1049 3699 faciet
1072 3637 1104 3698 et
1126 3653 1184 3697 nec
1207 3633 1279 3716 cogi

103 3767 125 3807 u
140 3743 242 3820 potest
263 3760 318 3806 nec
344 3740 448 3807 debet.
473 3744 505 3805 et
528 3739 672 3824 quisquis
693 3759 761 3805 eam
782 3741 936 3806 uiolenter
955 3721 1103 3824 coegerit,
1123 3739 1278 3816 ostendet,

173 4000 260 4054 chiis
282 4000 308 4053 V
383 4004 402 4055 4
419 4004 514 4055 nostro
538 4000 564 4056 U
647 4002 664 4054 6
683 4001 718 4055 ud
736 4001 796 4071 nos]
816 4001 851 4054 ad
869 4017 918 4054 nos
938 4019 992 4055 non
1010 4001 1093 4071 recipi
1113 4001 1176 4071 (non
1195 4000 1279 4069 recipi

142 4095 208 4159 corp.)
230 4089 259 4144 U
322 4091 472 4145 ‘danobis
490 4095 623 4145 statutum
643 4094 686 4145 eat
703 4091 737 4144 H
800 4092 832 4145 13
852 4092 952 4146 mentio
972 4091 1046 4145 facte
1067 4091 1097 4144 H
1160 4091 1192 4143 14
1211 4089 1279 4142 reci·

143 4180 197 4246 pist
217 4177 245 4233 U
314 4181 347 4234 16
364 4179 514 4250 praepositi
530 4180 558 4232 iu
577 4181 800 4233 monasteriorum
822 4181 860 4244 (in
879 4197 938 4248 exp.
958 4180 1077 4244 m.1)Y
1149 4179 1180 4232 17
1201 4179 1281 4245 ‘forle

143 4267 339 4320 Priustiuno'm
414 4269 446 4321 21
468 4269 550 4321 etium
571 4283 630 4334 coe,
649 4273 709 4324 m.1
728 4267 793 4321 odd.
818 4267 845 4322 U
909 4270 943 4324 25
962 4267 1159 4323 ecclesiasticus
1178 4282 1229 4320 om.
1249 4265 1282 4320 H

144 4355 174 4408 m
192 4355 330 4409 nobiscnm
352 4355 379 4408 V
394 4359 474 4426 (corr.
494 4356 644 4422 uobiscum)
667 4356 695 4412 U
