3092 5217
533 512 796 583 epistularum
825 512 878 567 CV.
1217 518 1279 583 601

130 708 248 772 hernus
277 705 370 771 nohis
392 708 435 780 et,
463 705 491 770 si
514 723 576 769 non
603 704 854 787 probauerimus,
883 707 978 772 facite
1002 706 1040 772 de
1068 707 1170 785 nohis,
1195 708 1281 791 quic-

132 813 213 897 quid
243 811 423 895 potneritis.
461 812 517 876 sed
550 811 625 894 quie
656 812 883 878 Constantinus
924 834 984 879 non
1022 816 1071 879 est
1107 834 1205 879 ausus
1243 815 1282 879 de

133 940 234 987 causa
260 918 403 1003 episcopi
433 918 585 992 indicere,
618 938 687 983 eam
720 919 952 985 discutiendam
985 925 1080 1004 atque
1113 921 1281 987 finiendam

132 1027 295 1111 episcopis
315 1026 486 1110 delegauit.
511 1026 595 1107 quod
620 1030 652 1091 et
674 1027 795 1092 factum
820 1031 869 1091 est
891 1030 921 1092 in
947 1028 1024 1093 urhe
1043 1030 1143 1093 Roma
1165 1028 1281 1112 praesi-

103 1136 230 1200 edente
252 1133 431 1199 Melchiade
454 1134 603 1216 episcopo
628 1134 715 1198 illius
739 1136 894 1201 ecclesiae
918 1154 989 1199 cum
1014 1136 1125 1201 multis
1150 1136 1282 1220 collegis

134 1243 215 1307 suis.
245 1241 299 1324 qni
323 1260 395 1306 cum
420 1240 635 1306 Caecilianum
661 1241 861 1307 innocentem
886 1243 1143 1325 pronuntiassent
1167 1246 1198 1307 et
1220 1242 1283 1307 Do·

132 1353 256 1425 natum,
281 1348 335 1429 qui
355 1347 494 1412 schisma
513 1346 694 1431 Carthagini
713 1349 842 1425 fecerat,
867 1349 1023 1413 sententia
1040 1348 1282 1431 percussissent,

133 1457 252 1521 iterum
293 1455 394 1519 nestri
430 1453 471 1517 ad
510 1453 730 1536 imperatorem
773 1460 937 1533 uenemnt,
981 1456 1020 1521 de
1060 1455 1177 1521 iudicio
1220 1456 1283 1539 epi-

134 1579 316 1645 scopomm,
337 1560 370 1624 in
394 1580 456 1643 quo
479 1560 559 1624 uicti
581 1560 716 1639 inerant,
739 1565 1026 1627 murmurauernnt.
1051 1563 1174 1646 quando
1199 1562 1283 1626 enim

94 1672 246 1753 opstent
276 1668 380 1733 malus
412 1666 556 1751 litigator
585 1665 714 1732 laudare
747 1667 880 1746 iudices,
919 1668 1035 1751 quihus
1066 1668 1284 1734 iudicantibus

135 1776 245 1841 uictus
269 1778 339 1839 est?
365 1774 482 1839 iterum
511 1778 616 1839 tamen
641 1774 912 1841 clementissimus
939 1776 1110 1859 imperator
1133 1777 1212 1841 alios
1236 1777 1283 1840 iu-

135 1884 224 1948 dices
256 1880 422 1963 episcopos
454 1879 543 1945 dedit
574 1880 658 1963 apud
684 1880 860 1959 Arelatem,
895 1880 1017 1946 Galliae
1045 1883 1219 1957 ciuitatem,
1253 1885 1284 1947 et

136 1991 176 2055 ah
198 1988 281 2071 ipsis
311 1986 413 2052 uestri
445 1986 484 2050 ad
514 1986 622 2069 ipsum
654 1986 874 2069 imperatorem
909 1988 1157 2071 appellauerunt,
1186 1989 1283 2053 donec

137 2096 236 2161 etiarn
267 2095 336 2177 ipse
369 2112 499 2158 causam
532 2098 738 2177 cognosceret
769 2098 803 2158 et
829 2094 1042 2160 Caecilianum
1075 2094 1284 2173 innocentem,

93 2216 118 2255 ¹⁵
135 2202 211 2267 illos
230 2200 444 2267 calumniosos
463 2200 689 2284 pronuntiaret.
708 2218 765 2265 nec
785 2201 831 2265 sic
849 2201 966 2265 totiens
986 2200 1065 2267 uicti
1085 2202 1284 2283 quieuerunl,

136 2309 194 2374 sed
231 2308 271 2373 de
306 2307 413 2373 Felice
449 2308 676 2390 Aptnngitano,
718 2326 774 2389 per
812 2326 906 2389 quem
944 2307 1141 2373 Caecilianus
1183 2309 1286 2372 luerat

137 2416 312 2492 ordinatus,
337 2415 503 2480 cotidianis
526 2414 834 2496 interpellationibus
857 2414 919 2495 ipsi
943 2414 1125 2496 imperatori
1143 2414 1285 2478 taedium

135 2523 283 2588 iecerunt
309 2523 449 2588 dicentes
478 2540 551 2585 eum
584 2539 654 2585 esse
685 2519 870 2585 traditorem
905 2524 937 2585 et
968 2520 1038 2586 ideo
1071 2520 1284 2585 Caecilianum

137 2630 324 2713 episcopum
348 2647 417 2693 esse
441 2647 501 2692 non
530 2645 635 2709 posse,
665 2627 750 2709 qnod
775 2647 792 2691 a
815 2627 965 2692 traditore
993 2628 1089 2692 luerit
1112 2626 1285 2692 ordinatus.

92 2762 118 2799 ao
138 2736 237 2799 donec
256 2739 290 2799 et
311 2735 380 2817 ipse
398 2734 486 2799 ilelix
504 2735 595 2798 iussu
619 2734 819 2817 imperatoris
838 2754 933 2799 «rausa
953 2734 1079 2819 cognita
1098 2733 1136 2798 ah
1155 2733 1284 2799 heliano

137 2841 325 2924 proconsule
348 2841 498 2907 innocens
522 2842 717 2924 probaretur.

73 2951 91 3009 tl
181 2948 271 3013 Tum
314 2948 541 3014 Constantinus
582 2949 667 3030 prior
700 2953 808 3013 contra
845 2952 967 3032 partem
1000 2946 1116 3012 Donati
1152 2947 1286 3013 seueris-

138 3056 252 3120 simam
277 3056 381 3139 legem
405 3054 499 3121 dedit
528 3056 612 3121 hunc
634 3055 751 3119 imitati
773 3055 833 3119 filii
855 3056 924 3120 eius
948 3055 1025 3119 talia
1047 3058 1284 3137 praeceperunt.

138 3162 256 3245 quihus
281 3160 452 3226 succedens
470 3146 625 3236 Iulianus,
641 3162 784 3227 desertor
802 3162 920 3227 Christi
940 3166 972 3226 et
990 3161 1147 3237 inimicus,
1168 3162 1286 3244 suppli·

92 3290 120 3329 ee
140 3268 287 3333 cantibus
306 3268 423 3333 uestris
441 3270 618 3353 Rogatiano
638 3274 671 3334 et
685 3269 800 3335 Pontio
818 3269 997 3333 libertatem
1017 3268 1185 3351 perditioni
1204 3267 1286 3349 parti

139 3376 256 3440 Donati
288 3375 447 3458 permisit;
481 3376 616 3460 denique
648 3380 725 3441 tnnc
755 3374 893 3439 reddidit
925 3375 1074 3439 basilicas
1107 3375 1285 3450 haereticis,

141 3482 266 3564 quando
285 3483 405 3564 templa
427 3482 614 3548 daemoniis.
634 3501 669 3548 eo
689 3484 783 3548 modo
803 3485 919 3565 putans
939 3482 1152 3549 Christianum
1172 3500 1285 3546 nomen

140 3607 235 3671 posse
248 3588 350 3669 perire
365 3588 403 3652 de
418 3590 520 3667 terris,
540 3591 568 3654 si
587 3590 703 3655 unitati
722 3591 885 3665 eeclesiae,
906 3592 944 3655 de
964 3610 1026 3673 qne
1043 3591 1152 3673 lapsus
1172 3590 1284 3665 luerat,

141 3694 298 3759 inuideret
325 3698 357 3759 et
388 3696 557 3781 sacrilegas
586 3698 799 3763 dissensiones
831 3698 947 3763 liberes
976 3718 1046 3763 esse
1079 3698 1283 3782 permitteret.

176 3889 192 3940 5
214 3884 368 3939 melchiade
393 3886 448 3948 (chi
471 3904 504 3941 ex
526 3892 606 3953 corr.)
628 3888 656 3941 P
678 3888 819 3942 melitiade
837 3889 875 3941 M
894 3888 1018 3942 miltiade
1036 3887 1068 3942 F
1090 3887 1189 3942 militia
1207 3888 1240 3942 de
1259 3889 1284 3940 A

175 3974 305 4045 collegih;
324 3975 360 4029 Μ
430 3976 666 4031 itmnrmnremnt
684 3977 745 4034 edd.
833 3978 966 4047 quomodo
986 3976 1045 4031 edd.
1121 3977 1284 4047 10quibus1

142 4066 188 4134 qni
206 4066 233 4117 A
325 4066 359 4119 12
378 4065 450 4134 apud
468 4082 519 4120 om.
538 4065 656 4123 MFAR
732 4067 845 4122 ciuitate
864 4068 891 4121 A
983 4068 1014 4121 13
1035 4066 1207 4137 appellarunt
1225 4067 1285 4121 edd.

145 4154 175 4207 15
193 4170 228 4206 ue
247 4152 275 4207 R
350 4156 382 4208 17
401 4154 505 4209 orditus
524 4156 551 4207 A
625 4157 657 4210 19
679 4172 756 4225 posse
777 4172 827 4211 om.
847 4158 874 4209 A
947 4156 981 4209 20
1000 4154 1107 4209 heliano
1127 4155 1204 4211 codd.
1225 4154 1285 4209 edd.

139 4248 250 4310 praeter
266 4260 294 4297 m
347 4244 383 4297 23
400 4244 623 4313 perceperuntF
669 4247 704 4300 25
723 4244 870 4315 perditioni
890 4248 967 4311 (Μ
984 4242 1155 4314 perditionis)
1175 4247 1245 4315 parti
1261 4246 1287 4297 P

143 4331 304 4401 perditionis
326 4332 399 4400 parti
422 4348 499 4386 aem
523 4335 569 4401 (cf.
594 4338 692 4387 contro
716 4334 857 4389 Gaudeat.
882 4334 899 4387 l.
918 4336 977 4389 Ic.
997 4337 1044 4396 24,
1065 4336 1115 4400 27)
1139 4332 1286 4403 perditioni

144 4422 227 4489 pertis
240 4420 304 4488 sle·
375 4421 446 4489 perti
465 4421 568 4475 Donati
587 4438 638 4477 om.
657 4422 684 4473 A
756 4423 792 4475 26
811 4422 935 4481 credidit.
956 4438 1023 4475 corr.
1043 4426 1103 4474 mi
1122 4421 1242 4475 reddidit
1259 4425 1286 4475 A
