3092 5217
267 547 332 611 744
626 541 652 596 S.
680 538 817 594 Aureli
844 538 1060 608 Augustini

268 738 538 803 crebrescentibus
554 736 814 802 tribulationibus
833 736 1051 820 propinquare,
1072 738 1159 800 tanto
1179 736 1283 820 magis
1299 735 1422 802 debent

269 845 360 921 bona,
400 864 479 928 quae
516 845 547 908 in
583 849 667 908 terra
703 841 871 908 recondere
905 841 1123 926 disponebant,
1160 841 1190 906 in
1228 843 1418 908 thesaurum

268 951 438 1017 caelestem
463 951 586 1034 inpigra
610 951 771 1016 eeleritate
795 948 973 1026 transferre,
1002 951 1048 1026 ut,
1077 948 1105 1015 si
1129 949 1228 1032 aliqui
1255 949 1418 1015 humanus

269 1078 362 1124 ossus
394 1056 554 1137 acciderit,
587 1056 734 1141 gaudeat,
762 1057 818 1140 qui
845 1055 884 1122 de
916 1056 986 1122 loco
1019 1057 1145 1124 ruinoso
1174 1057 1355 1144 emigrauit,
1389 1058 1419 1121 si

268 1169 375 1232 autem
413 1165 492 1229 nibil
528 1164 592 1229 talo
628 1164 726 1230 luerit
762 1165 980 1243 subsecutum,
1016 1183 1077 1230 non
1110 1165 1326 1242 eontristetur,
1359 1165 1418 1248 qui
1450 1189 1464 1226 s

268 1271 456 1354 quandoque
488 1270 661 1336 morituras
692 1270 854 1334 inmortali
886 1268 1023 1348 domino,
1060 1270 1100 1336 ad
1133 1289 1226 1353 quem
1258 1276 1418 1337 uenturus

268 1380 328 1456 est,
347 1379 429 1444 bona
446 1365 837 1460 propria'oommendauit.
855 1377 972 1460 itaque,
992 1377 1104 1443 fratres
1123 1378 1187 1442 mei
1201 1377 1417 1456 dileetissimi,

268 1505 305 1551 ex
327 1503 375 1562 eo,
404 1484 490 1566 quod
512 1483 648 1566 quisque
677 1483 783 1562 babet,
813 1483 987 1550 seeundum
1016 1503 1091 1549 snas
1119 1484 1214 1562 uires,
1239 1503 1319 1568 quas
1346 1485 1418 1568 ipse

267 1591 368 1669 nouit,
396 1591 502 1666 facite,
531 1589 617 1673 quod
644 1589 767 1668 soletis,
796 1591 945 1656 alacriore
973 1591 1088 1667 animo,
1113 1610 1208 1675 qnam
1236 1592 1360 1669 soletis,
1385 1595 1420 1656 et

268 1698 349 1766 iuter
367 1716 477 1763 omnes
497 1688 615 1764 saeouli
638 1697 734 1762 hrrius
753 1697 918 1762 molestias
938 1698 1146 1782 apostolicam
1165 1697 1419 1764 exhortationem
1440 1723 1467 1760 ro

271 1804 364 1870 eorde
391 1804 536 1882 retinete,
564 1803 619 1869 nbi
643 1804 701 1870 ait:
724 1804 917 1870 Dominus
941 1804 979 1870 in
1003 1805 1183 1888 proximo
1206 1808 1282 1881 est;
1311 1804 1420 1869 nihil

268 1911 453 1977 solliciti
479 1911 660 1976 fueritis.
689 1911 768 1975 talia
795 1910 873 1976 mihi
897 1911 935 1976 de
959 1911 1051 1977 uobis
1075 1912 1268 1986 nuntientur,
1298 1911 1418 1993 quibus

267 2017 411 2083 nouerim
446 2038 508 2084 non
548 2021 677 2102 propter
711 2037 816 2083 meam
852 2018 1062 2100 praesentiam
1104 2019 1158 2082 serl
1200 2023 1330 2102 propter
1367 2017 1419 2083 dei

268 2128 480 2208 praeceptum,
500 2125 555 2207 qni
578 2144 752 2208 numquam
776 2126 825 2189 est
848 2125 971 2204 absens,
991 2143 1050 2190 uos
1074 2125 1175 2190 solere
1198 2124 1312 2202 lacere,
1332 2125 1421 2208 quod

269 2230 379 2296 multis
406 2232 495 2296 annis
526 2250 575 2296 mo
601 2235 766 2314 praesente
800 2235 832 2297 et
869 2231 1039 2314 aliqnando
1072 2232 1169 2298 etiam
1200 2251 1252 2296 me
1284 2231 1421 2296 absente
1442 2257 1466 2296 a

267 2337 399 2402 fecistis.
427 2337 575 2403 dominns
603 2355 663 2402 uos
691 2337 723 2400 in
750 2355 828 2420 paee
853 2341 1029 2416 conseruet,
1058 2337 1259 2403 dilectissimi
1287 2337 1420 2415 fratrem

268 2446 355 2508 orate
377 2461 434 2525 pro
457 2443 560 2509 nobis.

360 2631 390 2685 ll
411 2630 482 2687 Phil.
501 2633 527 2694 4,
546 2633 616 2687 5-6

304 2756 321 2810 3
345 2754 438 2823 aliqui,
458 2759 547 2823 postr.
568 2755 585 2808 l.
604 2757 636 2808 in
659 2771 717 2810 rua.
736 2761 762 2810 et
780 2773 813 2810 eo
831 2772 899 2810 corr.
921 2755 1026 2822 (m.1?l
1046 2759 1078 2811 ll
1101 2757 1194 2828 aliqui.
1215 2773 1271 2812 ros.
1292 2757 1374 2812 alicui
1395 2757 1424 2810 P

272 2843 353 2898 alicui
371 2841 464 2898 AP¹R
483 2842 582 2912 aliquia
600 2842 630 2896 F
646 2843 705 2898 edd.
780 2845 891 2898 humani
911 2861 988 2900 casus
1007 2845 1156 2900 acciderint
1173 2845 1210 2900 Μ
1280 2847 1421 2916 emigra-

270 2931 312 2985 uit
330 2931 393 2985 Ma
483 2934 555 2997 eat,
574 2937 638 2988 oa2
657 2930 691 2986 ad
710 2931 747 2986 Ρι
839 2934 982 3004 ipropria
1000 2933 1073 2988 bona
1091 2937 1118 2990 R
1208 2935 1312 3006 itaquel
1332 2935 1374 2988 its
1392 2935 1422 2988 P

306 3019 401 3074 dilecti
419 3019 475 3074 PF
526 3020 684 3075 9alaoriori
702 3021 740 3075 Μ
794 3021 827 3076 10
845 3023 872 3076 in
892 3021 920 3076 P
989 3023 1070 3077 huius
1089 3023 1190 3078 saeculi
1204 3023 1241 3078 P¹
1295 3024 1328 3078 12
1347 3023 1419 3078 fieri-

272 3109 308 3162 tis
326 3108 354 3162 A
410 3107 682 3164 losannensem
736 3111 769 3164 15
788 3125 831 3164 me
850 3109 963 3164 absente
983 3113 1064 3166 etiam
1083 3109 1119 3164 Μ
1183 3114 1215 3169 16
1234 3111 1335 3179 iecisti,
1354 3116 1422 3166 ot2

271 3195 374 3252 lecistis
392 3197 430 3250 P¹
449 3197 540 3252 laeitis
557 3197 586 3250 P
656 3201 798 3252 conseruet
818 3203 845 3253 et
863 3199 953 3254 MFA
972 3199 1032 3256 edri.
1090 3202 1121 3254 17
1142 3200 1232 3270 nobis]
1252 3217 1296 3256 me
1314 3200 1343 3256 R
