3092 5217
430 476 695 545 epistularum
724 476 894 531 LXXXVIII.
1175 480 1240 543 415

102 669 159 751 pati
179 667 434 751 persecutionem
459 671 492 732 et
513 673 638 732 nostrae
662 668 776 734 domus
801 670 839 735 ab
864 672 992 735 armatis
1017 671 1132 736 6666666
1157 690 1240 737 com·

102 776 216 859 pilando
249 778 431 851 uastantem
464 794 523 840 uos
556 775 662 841 dicitis
694 777 761 859 pati
793 777 1047 858 persecutionem
1081 782 1112 843 66
1140 778 1240 843 nostri

103 883 176 947 66616
198 883 237 947 ab
261 882 391 947 armatis
414 882 532 947 uestris
556 882 641 948 calce
669 887 702 947 66
729 887 819 950 66666
848 884 1063 969 6666666666
1099 886 1239 969 insuper,

102 990 187 1053 etiam
219 987 248 1053 si
281 1008 360 1070 quas
392 991 511 1052 mortes
539 988 602 1053 sibi
629 989 713 1054 ultro
736 990 895 1073 ingerunt,
919 990 1010 1055 nobis
1033 990 1148 1055 661666
1170 1010 1241 1056 6666

81 1095 279 1166 6666666666,
303 1094 395 1160 uobis
419 1096 585 1179 gloriosas.
611 1096 696 1178 quod
718 1096 810 1161 nobis
835 1096 966 1173 iaciunt,
991 1096 1052 1162 sibi
1071 1116 1132 1162 non
1150 1098 1241 1180 inpu·

103 1206 164 1266 tant
185 1206 225 1276 66,
249 1202 334 1283 quod
359 1202 420 1267 sibi
443 1201 573 1279 faciunt,
598 1202 689 1267 nobis
711 1202 868 1286 inputant.
896 1204 1009 1267 uiuunt
1032 1205 1239 1280 6616666666,

102 1309 269 1373 moriuntur
305 1311 342 1372 66
379 1308 668 1385 Circumcelliones,
705 1310 898 1376 honorantur
934 1313 972 1375 66
1012 1313 1166 1394 martyres
1208 1316 1242 1375 66

102 1416 439 1480 6666666616666666
463 1415 631 1498 aliquando
655 1417 839 1482 audiuimus
863 1435 928 1495 cos,
953 1436 1032 1499 quos
1061 1417 1240 1500 depraedati

104 1526 180 1594 6666,
211 1540 409 1587 excaecasse:
445 1523 568 1588 occisos
600 1524 748 1589 auserunt
780 1523 854 1599 luci,
887 1541 948 1589 non
980 1524 1066 1589 66666
1095 1523 1242 1589 auferunt

74 1630 210 1695 6166666.

57 1743 63 1791 6
140 1736 204 1800 Nos
226 1735 352 1800 interim
376 1737 403 1801 66
427 1737 550 1819 quando
574 1745 700 1803 uestros
723 1742 880 1815 tenemus,
910 1756 982 1803 cum
1006 1755 1122 1821 magna
1145 1736 1241 1801 dilec-

104 1844 181 1907 66666
216 1862 381 1908 seruamus
418 1846 567 1923 inlaesos,
605 1846 767 1928 loquimur
804 1846 848 1911 eis
887 1848 918 1911 66
954 1844 1092 1929 legimus
1126 1842 1240 1917 omnia,
1317 1836 1321 1846 ’

105 1950 210 2030 quibus
235 1970 320 2015 error
341 1950 411 2033 ipse
435 1951 645 2029 66666666666,
670 1953 726 2036 qui
748 1953 861 2017 fratres
886 1971 904 2015 6
925 1951 1076 2016 fratribus
1101 1952 1239 2033 separat3

105 2058 239 2133 16666666,
277 2057 363 2139 quod
405 2057 552 2123 dominus
593 2076 649 2142 per
684 2059 811 2124 Esaiam
854 2058 1038 2143 prophetem
1080 2055 1243 2139 praecepit

73 2163 217 2227 edicens:
239 2162 401 2242 Audite,
426 2166 493 2247 qui
517 2166 691 2247 6666666,
716 2165 881 2230 uerbum
902 2164 1069 2238 domini;
1095 2163 1240 2228 dicIte:

105 2269 266 2334 ‘Fratres
300 2270 431 2335 nostri
464 2270 581 2335 cstis'
611 2271 685 2348 his,
715 2271 782 2354 qui
811 2290 883 2335 uos
912 2269 1085 2336 oderunt
1113 2269 1241 2352 etqui

105 2396 169 2440 uos
202 2380 454 2449 execrantur,
493 2381 536 2440 66
568 2396 706 2442 nomen
745 2376 897 2441 domini
935 2376 1242 2441 honorificetur

106 2488 139 2545 66
168 2486 361 2567 appareat
393 2482 483 2547 61166
517 2483 554 2547 66
584 2483 857 2557 iucunditate,
887 2482 967 2565 6666
996 2487 1130 2547 autem
1160 2502 1242 2547 cru·

105 2588 273 2654 bescant.
312 2607 348 2653 ac
384 2588 431 2653 sic
467 2589 591 2671 aliquos
631 2608 739 2653 eorum
777 2587 1010 2653 considerantes
1048 2588 1239 2653 euidentiam

71 2724 91 2759 ,6
106 2696 237 2761 ueritatis
271 2699 304 2759 66
334 2695 604 2778 pulchritudinem
635 2695 723 2778 pacis
755 2715 817 2759 non
849 2694 1020 2778 baptismo,
1053 2712 1147 2776 quem
1177 2694 1239 2759 iam

105 2801 181 2865 sicut
210 2803 348 2886 regalem
382 2802 595 2867 characterem
631 2805 795 2885 tamquam
832 2802 1009 2866 desertores
1046 2803 1240 2883 6666666666,

105 2906 155 2971 sed
174 2908 256 2983 fidei,
281 2928 361 2990 quae
384 2909 449 2975 illis
473 2909 584 2985 defuit,
608 2912 641 2973 et
658 2908 790 2990 spiritus
810 2908 912 2973 666666
932 2908 1056 2972 caritati
1072 2911 1104 2972 66
1124 2906 1241 2973 Christi

106 3016 216 3095 corpori
235 3016 407 3080 sociamus.
427 3016 580 3099 scriptum
600 3019 650 3079 est
668 3014 766 3079 enim:
784 3014 880 3078 Fide
904 3014 1097 3079 mundans
1122 3012 1240 3078 corda

106 3140 227 3187 eornrn
246 3124 388 3205 itemque
408 3123 559 3205 scriptum
581 3124 643 3187 est:
664 3121 824 3187 Caritas
850 3122 1036 3203 cooperit
1058 3119 1241 3185 multitu-

70 3254 91 3293 66
106 3227 225 3293 dinem
248 3232 520 3312 peccatorum.
545 3230 572 3293 si
596 3232 703 3292 autem
726 3229 896 3293 66166666
914 3227 1032 3293 duritia
1052 3229 1103 3291 uel
1122 3227 1241 3309 pudore

106 3336 314 3400 66616666666
338 3354 445 3400 eorum
469 3334 718 3412 insultationem,
739 3354 814 3400 cum
834 3336 950 3418 quibus
971 3338 1079 3399 contre
1098 3352 1155 3398 nos
1174 3338 1241 3397 tem

106 3442 198 3506 666166
226 3442 310 3507 falsa
340 3442 501 3507 iactabant
532 3445 565 3506 et
595 3446 661 3507 tmn
693 3442 797 3506 multa
824 3443 907 3507 mala
935 3441 1163 3525 excogitabant,
1188 3439 1241 3503 uel

106 3548 197 3631 mapa
218 3548 344 3625 timore,
367 3568 416 3627 66,
442 3548 548 3631 qualia
570 3549 662 3613 nobis
687 3551 760 3614 6666
784 3548 951 3625 faciebant,
975 3549 1053 3613 talto
1075 3547 1239 3612 nobiscum

106 3652 163 3716 iam
196 3656 364 3737 patiantur,
402 3656 517 3720 6666666
561 3654 679 3721 (1166666
717 3656 893 3721 6666666666
936 3656 1113 3729 noluerunt,
1157 3653 1242 3717 sicut

71 3757 208 3825 oinlaesi
242 3761 358 3827 retenti
397 3767 486 3837 sunt,
520 3763 566 3827 666
600 3782 619 3827 6
649 3762 741 3827 66666
775 3761 979 3826 dimittuntur
1011 3759 1132 3825 inlaesi.
1170 3758 1241 3835 hoc,

189 3987 219 4042 15
237 3987 283 4044 Iis.
301 3988 345 4052 66,
364 3989 380 4043 5
435 3988 470 4041 23
488 3987 549 4042 sot.
570 3990 611 4052 15,
629 3990 646 4043 9
702 3988 737 4041 24
756 3986 770 4039 I
788 3986 861 4040 Petr.
880 3988 906 4049 4,
926 3985 942 4039 8

138 4108 220 4163 9666
237 4126 288 4165 om.
309 4109 533 4179 6616666666
615 4111 647 4164 12
666 4109 722 4163 61166
740 4108 801 4162 edd.
883 4108 916 4162 13
935 4106 1116 4174 6666666661
1135 4114 1162 4171 (6
1182 4123 1241 4175 exp.

108 4202 175 4265 m2)
192 4198 243 4253 ΡΑ
298 4200 332 4253 20
350 4199 490 4261 ueritates,
510 4215 579 4253 corr.
598 4203 658 4251 m.1
678 4197 803 4251 uerItatis
823 4195 852 4250 F
902 4198 934 4249 21
956 4195 1127 4265 regulamM
1197 4212 1241 4249 66-

108 4285 219 4354 66666666
235 4290 261 4339 Α
324 4288 359 4340 22
378 4287 491 4340 caritate
509 4286 572 4339 MA
640 4285 675 4339 26
695 4285 888 4339 exultationem
907 4284 964 4339 ΡΑ
1028 4284 1062 4337 28
1081 4287 1162 4339 antea
1181 4284 1243 4338 edd.

108 4373 138 4424 29
155 4374 285 4428 noluerint
301 4375 332 4429 F
338 4392 365 4428 m
