3092 5217
549 518 813 587 epistularum
842 517 919 574 CXX.
1249 525 1311 588 715

164 711 331 777 intellectu
366 712 492 777 omnino
530 713 696 778 abhorrere
733 713 896 797 apostolus
934 714 1026 778 testis
1065 719 1123 791 est,
1161 715 1215 779 ubi
1253 716 1311 780 ait:

165 819 410 883 Innisibilia
437 820 540 883 enim
570 820 657 884 eius
690 840 708 884 a
736 820 1043 886 constitutione
1076 821 1212 886 mundi
1245 840 1312 903 per

164 944 216 1003 ea,
242 945 342 1008 quae
366 926 477 991 facta
497 929 600 1001 sunt,
624 925 846 991 intellecta
866 927 1192 1010 conspiciuntur,
1218 945 1312 991 sem-

162 1032 327 1114 piterna
349 1051 507 1115 qnoque
528 1033 616 1096 eius
640 1033 776 1097 uirtus
801 1052 843 1097 ac
868 1033 1082 1098 diuinitas.
1107 1053 1144 1098 ac
1166 1053 1223 1118 per
1241 1034 1311 1110 hoo,

132 1157 237 1203 scum
267 1139 377 1203 eadem
406 1139 531 1203 trinitas
559 1138 670 1204 fecerit
697 1143 730 1203 et
758 1159 872 1223 corpus
897 1143 929 1204 et
957 1140 1103 1218 animam,
1133 1140 1200 1206 sine
1224 1139 1313 1204 dubi·

163 1245 284 1309 tatione
318 1248 368 1310 est
398 1249 535 1329 utroque
570 1247 791 1329 praestantior.
830 1247 934 1310 anima
965 1247 1073 1330 itaque
1106 1247 1313 1323 considerata,

164 1351 299 1416 maxime
336 1352 474 1416 humana
506 1355 539 1416 et
569 1352 731 1417 rationalis
763 1356 859 1435 atque
892 1353 1126 1431 intellectualis,
1160 1371 1240 1435 quae
1274 1352 1313 1416 ad

163 1459 233 1522 eius
255 1459 427 1542 imaginem
450 1458 534 1522 faeta
558 1461 616 1536 est,
641 1459 668 1523 si
692 1459 902 1543 cogitationes
926 1463 1050 1524 nostras
1075 1463 1106 1524 et
1128 1459 1313 1544 intellegen-
1356 1499 1359 1507 ·

163 1564 225 1629 tias
254 1583 316 1628 non
345 1565 487 1641 emnerii,
521 1565 576 1629 sed
605 1566 684 1643 eius,
713 1557 797 1647 quod
826 1566 922 1631 habet
953 1567 1170 1649 praecipuum,
1202 1565 1236 1629 id
1264 1567 1314 1629 est

120 1672 267 1755 reipsam
294 1673 432 1736 mentem
461 1675 556 1754 atque
578 1672 830 1757 intellegentiam
852 1675 957 1736 mente
982 1675 1075 1754 atque
1098 1672 1314 1756 intellegentia

163 1778 363 1861 potuerimus
382 1777 624 1860 adprehendere,
647 1797 709 1843 non
729 1779 790 1843 erit
811 1778 958 1844 fortassis
982 1779 1165 1857 absurdum,
1189 1782 1226 1842 ut
1245 1796 1314 1841 eam

164 1884 204 1948 ad
241 1904 336 1949 suurn
371 1905 498 1967 quoque
540 1889 713 1950 creatorem
749 1885 998 1971 intellegendum
1035 1886 1104 1968 ipso
1143 1885 1313 1950 adiuuante

163 1990 355 2055 meditemur
392 1991 553 2057 adtollere.
596 1992 625 2057 si
662 1997 769 2056 autem
806 1992 837 2056 in
876 2011 910 2057 se
946 1993 1018 2075 ipsa
1050 1990 1157 2056 deficit
1188 1991 1312 2073 sibique

165 2096 358 2175 succumbit,
390 2097 444 2179 pia
474 2096 535 2161 fide
569 2099 716 2162 contenta
748 2097 801 2174 sit,
835 2118 929 2180 quam
960 2097 1013 2162 diu
1045 2098 1264 2182 peregrinatur
1296 2118 1314 2162 a

120 2224 145 2261 11
165 2202 304 2276 domino,
328 2203 427 2268 donee
454 2203 511 2268 fiat
537 2205 569 2267 in
596 2204 734 2281 homine,
758 2205 845 2286 quod
870 2204 1064 2287 promissum
1090 2208 1149 2283 est,
1177 2203 1312 2269 faciente

165 2309 232 2386 illo,
257 2309 325 2390 qui
353 2312 597 2391 potensest,
626 2310 712 2375 sicut
739 2311 785 2374 ait
814 2312 988 2394 apostolus,
1017 2312 1151 2376 facere
1180 2329 1312 2393 supra,

166 2434 280 2497 quam
303 2416 481 2498 petimus
505 2419 544 2481 et
566 2416 865 2502 intellegimus.

21 2522 118 2585 11113
211 2518 299 2600 Quae
327 2541 400 2586 cnm
431 2523 477 2586 ita
509 2523 583 2599 siut,
616 2523 743 2588 interim
777 2524 861 2601 uolo,
893 2528 932 2588 11
962 2524 1050 2608 legas
1081 2544 1126 2601 ea,
1161 2543 1240 2606 quae
1274 2523 1314 2587 ad

164 2630 261 2693 istam
290 2630 508 2712 quaestionem
537 2631 727 2713 pertinentia
753 2630 817 2694 iam
844 2633 947 2695 multa
975 2631 1231 2714 conscripsimus,
1257 2630 1315 2694 illa

119 2756 147 2796 ao
166 2735 275 2814 etiam,
304 2755 384 2818 quae
415 2737 448 2801 in
479 2736 627 2801 manibus
659 2737 813 2802 habemus
843 2740 874 2801 11
905 2739 1032 2820 propter
1062 2736 1313 2821 magnitudinem

164 2847 231 2906 tam
260 2841 401 2907 difficilis
433 2843 628 2926 quaestionis
661 2843 799 2908 nondum
833 2861 1005 2926 possumus
1034 2844 1198 2926 explicare.
1232 2861 1314 2907 nunc

167 2969 241 3014 uero
261 2954 333 3013 tene
351 2949 543 3016 inconcussa
560 2949 622 3014 fide
640 2954 760 3033 patrem
782 2955 814 3014 11
832 2949 935 3015 filium
950 2955 983 3015 et
1001 2951 1149 3034 spiritum
1168 2953 1312 3014 sanctum

167 3075 237 3120 esse
264 3055 439 3120 trinitatem
468 3060 630 3120 ettamen
662 3077 762 3121 unum
791 3057 895 3135 deum,
928 3075 989 3121 non
1019 3057 1103 3139 quod
1136 3056 1179 3120 sit
1205 3075 1314 3121 eorum

166 3162 345 3227 communis
365 3163 455 3244 quasi
475 3166 587 3244 quarta
605 3162 767 3241 diuinitas,
788 3163 844 3227 sed
864 3162 948 3246 quod
968 3164 1010 3228 sit
1027 3164 1098 3245 ipsa
1115 3161 1317 3227 ineffabiliter

120 3287 146 3326 2⁵
165 3269 386 3350 inseparabilis
405 3269 541 3347 trinitas,
565 3271 750 3352 patremque
775 3270 879 3334 solum
904 3270 1052 3354 genuisse
1075 3269 1177 3333 filium
1200 3267 1314 3332 filium-

168 3394 229 3457 que
253 3376 357 3440 solnm
381 3380 510 3458 epatre
539 3375 692 3460 genitum,
722 3376 869 3458 spiritum
893 3395 967 3440 uero
993 3379 1137 3440 sanctum
1162 3379 1193 3440 et
1215 3374 1314 3458 patris

168 3501 238 3546 esse
272 3484 304 3546 et
339 3482 396 3545 filii
433 3482 592 3565 spiritum.
632 3488 664 3546 11
696 3481 849 3564 quioquid
879 3482 949 3560 tibi,
983 3502 1054 3547 cum
1087 3483 1150 3547 ista
1182 3480 1314 3565 cogitas,

258 3724 468 3789 altomuro
524 3723 764 3788 londonae
821 3725 1040 3794 16111110

206 3883 357 3937 lomnimo
376 3885 457 3951 (1111)
477 3885 512 3937 Τ1
530 3885 603 3938 omni
620 3883 797 3938 modoBOT
845 3883 963 3953 renim]
983 3884 1065 3936 etiarn
1082 3883 1197 3938 OPTT¹
1258 3882 1314 3936 eius

168 3989 219 4030 om.
243 3972 304 4027 edd.
322 3979 436 4041 praeter
454 3990 473 4026 1
580 3970 1314 4041 311111.11.1.1.(11’111(11111111111111111Ἰ

167 4063 291 4116 4111111
312 4063 353 4131 11]
373 4063 461 4115 uirtus
481 4065 509 4116 et
531 4061 585 4116 OT
637 4065 653 4116 6
673 4063 775 4115 11111111
789 4061 817 4114 Β
872 4061 1081 4130 9111111111]
1100 4060 1183 4114 habet
1200 4059 1315 4115 OPTT¹

170 4151 203 4204 12
229 4166 336 4220 quoque
362 4149 396 4202 ad
421 4167 499 4203 suum
524 4154 671 4204 creatorem
703 4150 782 4204 OPT
806 4149 840 4204 ad
866 4165 943 4202 sunm
969 4153 1117 4202 creatorem
1144 4166 1250 4218 quoque
1279 4148 1314 4202 Τι

170 4240 202 4292 13
222 4237 339 4308 sibique]
358 4237 403 4291 nel
425 4236 478 4291 OT
494 4241 543 4291 aut
561 4238 587 4290 P
675 4239 708 4292 17
728 4242 776 4291 aut
794 4237 821 4290 P
839 4237 898 4290 edd.
918 4252 968 4290 aec.
986 4251 1058 4291 sacr.
1079 4236 1131 4292 lico.
1215 4237 1247 4290 19
1266 4236 1315 4290 ills

170 4333 192 4390 (-
212 4326 314 4393 m.2?)
333 4327 362 4380 B
470 4327 504 4380 24
522 4326 670 4380 ineffabilis
690 4331 718 4380 et
736 4325 925 4396 inseparabilis
948 4325 1060 4380 ΟΡΤΤ1
1080 4325 1139 4380 cdd.
1158 4331 1271 4394 praeter
1288 4343 1315 4380 m

169 4417 202 4470 27
223 4420 251 4469 et
269 4417 319 4470 filii
338 4433 396 4470 esse
418 4416 493 4470 OPT
508 4415 568 4470 cdd.
