3092 5217
287 499 350 562 112
639 496 666 549 S.
695 495 833 548 Aureli
860 493 1077 562 Augustini

241 691 261 751 4
330 689 393 756 Sed
420 690 496 771 qnia
522 709 573 754 res
601 693 708 772 aperte
736 689 817 753 falsa
845 693 921 766 erat,
950 688 1113 771 permixtis
1141 689 1247 753 uerbis
1271 687 1334 752 cito
1358 687 1430 750 inde

286 797 463 862 discessum
496 799 555 861 est.
588 797 670 859 inter
701 815 782 878 qnae
814 796 912 860 uerba
944 794 1159 878 euangelicam
1191 794 1279 860 illam
1312 793 1430 858 domini

286 903 533 968 admonitionem
566 901 838 980 commemorauit,
872 920 933 985 qua
961 902 1053 966 dixit:
1087 901 1237 966 Cauete
1271 921 1289 966 a
1319 919 1430 983 pseu·

287 1009 572 1092 doprophetis·;
614 1010 735 1074 multi
778 1009 823 1072 ad
864 1028 936 1074 uos
978 1009 1144 1074 uenient
1184 1009 1222 1072 in
1270 1007 1430 1072 uestitu

288 1117 433 1195 ouium,
466 1117 581 1180 intus
611 1119 743 1180 autem
773 1119 869 1180 sunt
895 1115 983 1198 lupi
1012 1133 1197 1196 rapaces;
1222 1134 1265 1178 er
1287 1114 1429 1178 fructi·
1457 1134 1467 1172 ⁵

285 1225 359 1288 bns
397 1241 532 1287 eorum
570 1222 833 1306 cognoscetis
871 1241 948 1288 eos.
982 1240 1063 1304 qnae
1091 1222 1188 1286 uerba
1216 1221 1430 1285 dominicum

286 1329 464 1394 diceremus
488 1329 597 1394 eadem
620 1329 659 1394 de
682 1329 749 1394 illis
772 1328 905 1392 anobis
928 1347 1023 1410 posse
1045 1328 1182 1406 recitari,
1205 1331 1335 1392 uentum
1360 1327 1431 1390 inde

287 1441 336 1500 est
358 1436 397 1499 ad
421 1435 694 1520 exaggerationem
711 1435 955 1518 persecutionis,
976 1453 1182 1517 quamsaepe
1202 1453 1290 1499 suam
1310 1438 1431 1518 partem

286 1543 457 1625 pertulisse
480 1542 606 1607 dicebat
627 1542 702 1607 hinc
725 1543 836 1607 uolens
856 1542 1021 1608 ostendere
1040 1559 1115 1607 suos
1135 1560 1205 1606 esse
1225 1539 1431 1611 Christianos,

286 1649 361 1730 quia
392 1649 645 1732 persecutionem
678 1652 869 1731 paterentur.
903 1648 987 1713 inter
1018 1667 1098 1730 quae
1129 1647 1228 1712 uerba
1263 1665 1333 1712 cum
1374 1665 1430 1730 ego
1447 1669 1466 1708 o

287 1774 428 1838 pararem
458 1775 493 1820 er
523 1755 688 1839 euangelio
715 1755 915 1837 respondere,
942 1755 1016 1820 inde
1044 1755 1219 1839 capitulum
1244 1771 1431 1819 commemo·

287 1861 372 1926 rauit
394 1862 489 1944 prior,
513 1862 569 1926 ubi
593 1862 740 1926 dominus
764 1863 823 1926 ait:
852 1862 979 1938 Beati,
1010 1867 1077 1945 qui
1104 1860 1429 1945 persecutionem

288 1968 506 2050 patiuntur
527 1971 694 2051 propter
716 1969 936 2049 iustitiam,
961 1969 1149 2051 quoniam
1172 1968 1351 2051 ipsorum
1372 1970 1432 2030 est

286 2093 449 2158 regnum
474 2075 687 2139 caelorum.
713 2094 775 2157 quo
799 2076 869 2140 loco
894 2095 953 2160 ego
975 2077 1154 2160 gratulatus
1178 2074 1301 2140 subieci
1323 2074 1430 2138 statim

286 2181 319 2244 id
348 2200 422 2265 ergo
455 2198 525 2244 esse
554 2181 777 2262 quaerendum,
806 2184 913 2246 utrum
942 2182 991 2246 illi
1017 2181 1271 2265 persecutionem
1308 2183 1468 2265 proptera

285 2287 443 2352 iustitiam
472 2289 560 2371 passi
586 2288 714 2354 fuerint.
746 2291 778 2354 in
809 2309 872 2372 qua
899 2290 1083 2372 quaestione
1112 2289 1229 2354 discuti
1258 2287 1430 2371 cupiebam,

287 2394 372 2476 quod
410 2394 538 2477 quidem
577 2395 725 2460 omnibns
759 2396 879 2461 clamm
913 2401 989 2472 erat,
1022 2402 1131 2461 utrum
1162 2414 1216 2461 eos
1249 2395 1280 2458 in
1313 2394 1431 2460 unitate
1533 2465 1534 2478 χ

287 2502 441 2566 ecclesiae
479 2503 673 2567 constitutos
711 2523 749 2568 an
787 2503 959 2568 schismate
995 2504 1059 2568 iam
1095 2502 1217 2569 diuisos
1258 2500 1432 2568 Macariana

287 2612 431 2690 tempora
468 2608 656 2686 inuenerint,
693 2612 740 2687 ut,
775 2610 829 2692 qui
862 2610 970 2675 uidere
1003 2611 1134 2688 uellent,
1167 2613 1274 2674 utrum
1309 2611 1433 2692 propter

286 2715 446 2780 iustitiam
472 2716 727 2798 persecutionem
753 2717 842 2800 passi
870 2717 996 2794 fuerint,
1023 2718 1056 2783 id
1083 2717 1190 2802 potius
1219 2716 1430 2788 adtenderent,
1447 2730 1470 2768 u

286 2826 394 2886 ntmm
424 2841 458 2886 se
486 2826 572 2886 recte
600 2841 619 2887 e
646 2823 746 2888 totius
776 2824 861 2889 orbis
890 2824 1012 2889 unitate
1038 2823 1258 2906 praeciderint,
1291 2821 1374 2905 quod
1406 2822 1432 2886 si

286 2928 404 2992 iniuste
436 2927 551 2993 iecisse
588 2929 816 3006 inuenirentur,
853 2931 1058 2996 manifestum
1096 2939 1183 2994 esset
1219 2949 1273 2995 eos
1309 2933 1433 3011 propter

286 3035 478 3099 iniustitiam
510 3035 618 3118 potius
652 3055 747 3118 quam
780 3041 908 3119 propter
939 3038 1096 3104 iustitiam
1124 3055 1236 3120 passos
1263 3035 1433 3118 persecuti·

287 3160 378 3206 onem
401 3145 434 3206 et
456 3141 528 3206 ideo
551 3161 681 3207 numero
704 3143 869 3208 beatorum
894 3144 1024 3227 adiungi
1046 3162 1107 3208 non
1131 3163 1236 3226 posse,
1261 3142 1432 3224 dequibus

289 3247 411 3310 dietum
454 3251 521 3312 est:
563 3249 692 3327 Beati,
734 3249 800 3331 qui
843 3251 1171 3333 persecutionem
1218 3249 1471 3331 patiuntura
1530 3293 1531 3308 r

288 3356 457 3434 propter
488 3353 709 3420 iustitiam.
743 3356 789 3420 ibi
818 3360 1064 3422 commemorate
1090 3359 1140 3420 est
1166 3354 1319 3420 famosior
1341 3373 1430 3438 quam

289 3458 404 3523 certior
440 3460 585 3526 codicum
622 3462 678 3526 illa
709 3462 849 3527 traditio.
883 3463 939 3528 sed
971 3461 1219 3546 respondebatur
1246 3481 1265 3526 a
1292 3461 1430 3543 pertibus
1529 3527 1530 3536 ,

287 3565 406 3629 nostris
433 3567 591 3650 principes
621 3569 749 3633 illorum
779 3569 886 3652 potius
913 3569 1013 3634 fuisse
1037 3569 1220 3644 traditorem
1244 3568 1329 3650 quod
1353 3565 1429 3630 siin

378 3756 395 3809 3
413 3756 511 3810 itanu.
532 3759 556 3820 7,
577 3761 682 3814 15-16
738 3761 771 3812 12
790 3759 889 3814 Matth.
909 3763 934 3822 5,
956 3759 989 3814 10

325 3863 338 3915 l
359 3861 422 3914 inde
441 3878 492 3916 om.
506 3863 534 3918 R
584 3865 601 3916 2
620 3866 732 3935 interq;,
750 3883 786 3922 m.
806 3871 838 3919 ut
855 3865 914 3920 uid.
929 3869 949 3920 2
963 3866 1034 3920 inter
1053 3881 1121 3934 quae
1135 3865 1172 3918 M
1222 3865 1254 3918 10
1273 3865 1382 3933 interq;,
1395 3881 1429 3916 m.

288 3957 320 4004 rot
337 3951 395 4006 uid.
415 3952 523 4004 2inter
543 3953 661 4022 qnaeM
733 3956 762 4008 ll
785 3971 915 4024 parerem,
933 3959 999 4012 m.2
1016 3971 1138 4024 pararem
1157 3953 1194 4006 M
1282 3953 1327 4008 ide
1345 3951 1431 4008 Fide

288 4039 350 4092 MA
368 4039 440 4093 idem
458 4040 486 4092 P
571 4043 604 4095 16
622 4042 769 4112 iustitiam]
789 4045 855 4098 insti
873 4045 900 4097 A
973 4043 1084 4098 fuerunt
1101 4042 1138 4096 M
1208 4045 1375 4111 questionem
1393 4047 1431 4102 (nr
1527 4051 1528 4090 ἒ

289 4126 340 4182 del.
359 4144 393 4180 m.
405 4131 434 4180 2)
448 4127 487 4181 M
535 4129 568 4182 17
588 4129 694 4198 quidem
715 4131 851 4200 omnibus]
873 4132 919 4201 qni
938 4131 1099 4184 demonibus
1115 4131 1141 4182 A
1210 4129 1430 4184 ciarum—schis-

288 4216 372 4283 mate]
399 4215 513 4268 clamate
539 4221 603 4281 (om.
628 4235 686 4271 rum
709 4219 887 4286 erat—echis)
909 4220 998 4273 MFA
1091 4220 1122 4272 le
1145 4235 1253 4274 macera
1278 4224 1348 4284 (nal
1365 4233 1430 4273 corr.

289 4303 480 4372 marcenniaco
497 4305 535 4357 M
550 4307 687 4359 macarius
704 4309 731 4360 A
772 4309 808 4362 20
826 4309 898 4378 passi
918 4309 1019 4361 fuerint
1037 4307 1252 4376 persecutionem
1272 4307 1302 4362 F
1341 4307 1372 4362 23
1388 4306 1430 4359 in·
1526 4317 1527 4328 ¹

289 4392 434 4460 iustitiam]
453 4393 588 4446 iustitiam
607 4394 637 4446 F
710 4395 966 4464 asperimontis
1054 4395 1083 4450 in
1098 4412 1148 4450 one
1162 4396 1274 4452 FAPR
1291 4396 1325 4450 de
1341 4397 1359 4462 s
1364 4396 1431 4448 troc
