3092 5217
267 514 330 578 722
629 509 656 564 S.
684 509 821 564 Aureli
849 511 1066 579 Augustini

268 724 378 769 sumus
399 704 438 769 ad
457 705 629 789 imaginem
648 705 708 782 dei,
728 704 811 770 unde
829 705 920 770 nobis
945 705 1074 770 dieitur:
1098 706 1238 771 Nolite
1264 706 1418 772 confor-

267 811 366 874 mari
399 811 493 876 huic
526 812 703 889 saeculo,
741 811 811 876 aed
842 811 1123 876 reformamini
1155 813 1192 876 in
1226 811 1418 878 nouitate

266 917 415 982 mentis
439 922 605 982 uestrae
629 917 675 982 ad
697 916 949 1000 probandum
968 937 1051 996 uos,
1073 937 1172 1001 quae
1196 919 1254 983 ait
1277 919 1418 984 uolun-

266 1027 329 1088 tas
358 1023 433 1103 dei,
462 1023 566 1108 quod
594 1024 739 1089 bonum
763 1029 802 1090 et
828 1025 1028 1108 placitum
1053 1029 1093 1090 et
1120 1026 1359 1108 perfectum.
1390 1029 1418 1090 si

266 1150 340 1215 ergo
364 1151 425 1196 non
452 1131 484 1194 in
507 1132 591 1195 mole
614 1149 714 1213 neque
737 1130 769 1194 iu
793 1131 986 1196 distantibus
1006 1151 1061 1214 per
1083 1131 1154 1197 loca
1177 1151 1234 1196 sua
1258 1131 1418 1213 partibus,
1450 1157 1463 1196 r

266 1237 351 1302 sicut
378 1255 507 1319 corpora
535 1236 605 1301 siue
632 1239 803 1302 cernuntur
830 1237 899 1301 siue
928 1237 1118 1320 cogitantur,
1152 1237 1207 1302 aad
1234 1237 1267 1300 in
1296 1238 1419 1302 uirtute

264 1342 477 1427 intellegibili‚
501 1342 605 1425 qualia
629 1345 680 1407 eat
700 1342 835 1421 iustitia,
859 1345 998 1407 mentam
1022 1343 1159 1409 dicimus
1183 1362 1240 1408 seu
1265 1344 1418 1408 nouimus

265 1469 322 1514 seu
358 1450 509 1514 uolumus
546 1449 711 1530 pulchram
747 1452 780 1513 et
816 1448 991 1515 secundum
1027 1451 1107 1515 hanc
1144 1450 1418 1534 pulchritudinem

263 1556 472 1622 reformamur
504 1556 543 1620 ad
574 1555 746 1641 imaginem
775 1555 835 1633 dci,
869 1556 1009 1639 profecto
1042 1557 1145 1640 ipsius
1173 1557 1233 1634 dei,
1269 1558 1324 1640 qui
1356 1577 1417 1623 nos

264 1661 416 1726 formauit
439 1665 472 1726 et
493 1663 644 1726 reformat
665 1661 705 1725 ad
731 1661 904 1745 imaginem
933 1681 1033 1738 suam,
1062 1681 1123 1727 non
1145 1661 1176 1727 iu
1200 1663 1307 1745 aliqua
1330 1664 1418 1727 mole
1438 1691 1464 1728 ιο

264 1786 414 1851 corporea
436 1769 628 1853 auspicanda
645 1772 696 1833 eat
718 1767 921 1850 pulchritudo
946 1787 1046 1850 eoque
1070 1769 1227 1834 iustorum
1251 1773 1417 1836 mentibus

264 1874 437 1939 credendus
466 1879 516 1940 eat
542 1874 831 1958 incomparabiliter
856 1874 1027 1956 pulchrior,
1056 1894 1117 1956 quo
1143 1879 1192 1940 est
1218 1876 1417 1960 incompara-

262 1983 370 2047 biliter
395 1982 520 2047 iustior.
548 1982 627 2046 haec
650 1983 851 2048 dilectionem
879 1983 977 2058 tuam,
1007 1985 1159 2064 quantum
1188 1983 1228 2048 ad
1255 1985 1417 2050 usitatum

264 2089 473 2172 epistularum
481 2087 611 2152 modum
625 2087 772 2171 pertinet,
787 2087 938 2170 prolixius
949 2088 1090 2166 forsitan,
1107 2108 1198 2171 quam
1211 2091 1415 2173 expectahas,

263 2199 417 2277 quantum
440 2197 547 2259 autem
570 2192 610 2259 ad
632 2197 700 2259 tam
722 2213 855 2278 magnae
879 2195 925 2259 rei
944 2196 1172 2276 quaestionem,
1195 2196 1337 2261 breuiter
1360 2198 1414 2262 ad·
1436 2219 1464 2260 ιε

263 2301 424 2366 monuisse
451 2300 621 2376 suffecerit,
649 2320 710 2366 non
737 2303 775 2365 ut
802 2302 880 2365 eatis
909 2300 952 2365 sit
980 2299 1149 2365 eruditioni
1176 2304 1262 2376 tuae,
1292 2301 1348 2366 sed
1375 2306 1415 2367 ut

262 2407 333 2472 aliis
353 2427 478 2490 quoque
501 2408 593 2473 lectis
618 2407 777 2472 auditisne
797 2407 965 2491 diligenter
987 2407 1163 2472 instmctua
1186 2408 1256 2489 ipse
1280 2407 1414 2472 uberius

262 2516 318 2578 tua
337 2533 428 2579 secus
444 2515 530 2579 dicta
543 2514 723 2598 redarguas,
743 2513 828 2595 quod
843 2516 893 2580 est
911 2513 1022 2596 utique
1037 2515 1125 2578 tanto
1145 2512 1272 2592 melino,
1293 2517 1414 2596 quanto

262 2619 298 2683 fit
320 2619 475 2686 humilius
499 2624 532 2685 et
554 2619 690 2686 fidelius.

352 2830 363 2882 1
385 2829 462 2883 Rom.
483 2829 525 2892 12,
545 2830 562 2881 2

297 2950 845 3021 3111111111111]1111111111111
914 2935 982 3004 aar
998 2965 1050 3005 om.
1069 2951 1097 3004 P
1167 2951 1309 3021 placitum]
1327 2951 1416 3006 hene-

260 3041 390 3110 placitum
411 3041 471 3094 cdd.
485 3041 610 3110 Eupcppt
627 3041 685 3098 cod.
704 3041 798 3097 Paria.
817 3043 910 3095 11642
932 3033 937 3044 '
965 3039 979 3090 7
999 3043 1090 3094 mente
1104 3039 1161 3094 PT
1178 3040 1253 3108 (otilo
1272 3047 1415 3096 masam

260 3145 330 3185 corr.
350 3127 452 3198 mente)
559 3131 575 3182 9
594 3129 717 3199 profecto
734 3130 821 3200 ipsius
841 3129 884 3183 dei
903 3145 955 3184 om.
974 3129 1052 3184 codd.
1071 3128 1196 3199 Eugippai
1215 3129 1274 3183 cod.
1298 3129 1414 3184 Vercell.

262 3219 295 3272 10
313 3218 452 3287 formauit]
473 3217 632 3273 reformauit
649 3219 710 3274 edd.
724 3224 839 3287 praeter
857 3235 883 3272 m
901 3219 973 3288 Eup.
1073 3219 1104 3272 11
1125 3217 1299 3288 suscipienda
1317 3217 1415 3272 ΡΤΤι

262 3308 294 3361 12
314 3322 367 3376 quo
388 3309 430 3360 cat
447 3307 706 3361 incommutabiliter
723 3307 821 3362 iustior
839 3307 963 3377 Eupippi
980 3307 1039 3362 cod.
1060 3306 1123 3361 Vot.
1176 3307 1210 3361 14
1229 3308 1331 3361 attinet
1348 3307 1415 3363 edd.

261 3397 294 3451 15
313 3397 475 3449 ammonicae
497 3395 521 3450 0
594 3397 627 3450 16
646 3396 684 3450 ait
701 3412 752 3449 om.
774 3394 826 3450 OT
898 3397 929 3450 17
948 3396 1027 3450 lectis
1047 3395 1148 3450 auditio
1167 3396 1213 3449 uel
1232 3396 1312 3450 codd.
1329 3396 1416 3450 lectis

260 3483 303 3538 ual
322 3482 423 3538 auditio
442 3485 517 3550 addc
536 3485 682 3538 emendaret
699 3486 779 3540 lectis
800 3485 936 3539 auditisne
1008 3483 1148 3538 instructio
1170 3483 1194 3539 O
