3092 5217
462 497 728 567 epistularum
756 458 887 551 kaxv.
1186 498 1250 561 395

73 698 85 757 1
155 694 228 759 Cum
259 695 366 756 autem
399 696 434 756 tu
466 690 570 775 magis
599 690 764 774 magisque
794 694 826 754 te
854 690 1018 773 implicare
1047 710 1108 755 nou
1132 709 1251 767 cesses,

117 807 147 866 ut
174 800 265 864 etiam
296 800 402 873 rebus,
437 797 553 880 quihus
585 796 775 861 renuntiasti
818 800 851 861 te
883 800 958 880 post
984 796 1250 861 renuntiationem

118 904 280 981 insemeris,
313 904 398 987 quod
430 922 487 968 nee
520 903 605 987 apud
635 903 724 985 ipsas
756 903 911 969 humanas
943 904 1031 989 leges
1062 902 1127 967 ullo
1155 902 1251 967 modo

118 1012 226 1077 defendi
241 1014 357 1093 potest,
373 1014 406 1075 et
425 1009 457 1074 in
474 1030 512 1074 ea
528 1010 726 1093 professione
745 1010 855 1075 uiuere
874 1010 1067 1088 dioa1·is,oui
1085 1008 1252 1093 frugalitas

94 1118 255 1185 eecclesiae
286 1122 361 1183 tuae
389 1116 535 1183 sufficere
564 1136 624 1181 non
654 1116 767 1199 possit,
796 1120 833 1181 ut
861 1116 938 1199 quid
962 1115 1087 1199 quaeris
1112 1134 1251 1180 commu-

117 1226 225 1290 nionem
252 1244 368 1302 meam,
393 1242 465 1288 eum
494 1222 603 1287 audire
631 1242 806 1306 numquam
834 1223 975 1289 uolueris
1003 1222 1250 1288 admonitionem

117 1334 225 1395 meam?
256 1350 293 1395 an
327 1334 375 1409 ut,
407 1329 558 1412 quiequid
590 1329 680 1407 facis,
713 1330 794 1393 mihi
821 1330 968 1412 inputant
994 1330 1149 1409 homines,
1174 1348 1250 1412 quo-

117 1458 174 1502 mm
203 1437 346 1521 querelas
385 1437 541 1501 sustinere
573 1455 635 1501 non
667 1440 821 1520 possum?
858 1438 975 1501 frustra
1007 1440 1114 1502 autem
1147 1437 1250 1519 suspi-

118 1545 185 1609 caris
209 1563 262 1609 eos
291 1561 363 1608 esse
392 1544 620 1608 obtrectatores
648 1548 734 1619 tuos,
763 1544 818 1626 qui
841 1544 900 1608 tibi
925 1562 1049 1626 semper
1073 1552 1104 1609 et
1125 1543 1157 1607 in
1181 1544 1249 1607 uita

87 1651 203 1731 opnione
225 1648 387 1713 aduersati
411 1652 496 1715 sunt.
525 1669 587 1715 uon
612 1652 663 1714 est
684 1649 730 1714 ita
753 1669 810 1715 nec
834 1651 959 1729 mirum,
984 1650 1068 1732 quod
1092 1651 1195 1715 multa
1216 1653 1249 1714 te

117 1756 209 1819 latent.
241 1756 298 1819 sed
326 1755 422 1819 etiam
451 1756 478 1819 si
506 1756 567 1822 hoc
595 1776 707 1822 uerum
735 1760 832 1832 esset,
861 1756 940 1821 nihil
962 1756 993 1819 in
1017 1756 1083 1821 tuis
1107 1754 1249 1821 moribus

117 1861 239 1926 inuenire
267 1862 456 1941 debuerunt,
486 1863 569 1945 quod
597 1870 682 1929 reete
704 1862 968 1947 reprehenderent
991 1866 1024 1927 et
1047 1863 1128 1928 unde
1153 1863 1250 1927 ecele-

117 1967 181 2031 siam
202 1967 468 2051 blasphemarent.
492 1970 595 2035 adhuc
617 1989 668 2035 me
687 1974 781 2054 putas
801 1969 935 2036 fortasse
954 1970 1024 2036 ideo
1048 1969 1113 2034 ista
1135 1969 1249 2047 dicere,

117 2074 179 2155 quia
207 2093 267 2139 nou
302 2075 410 2158 accepi
443 2074 694 2142 satisfactionem
721 2080 820 2141 tuam.
854 2077 951 2142 immo
979 2080 1146 2159 propterea
1168 2075 1249 2153 dieo,

85 2200 147 2247 rene
174 2180 236 2263 ipse
269 2200 330 2247 non
364 2182 486 2265 possim
519 2183 598 2247 satis
631 2182 690 2249 deo
721 2184 825 2248 facere
858 2184 896 2248 de
929 2168 1067 2266 peccatis
1100 2182 1192 2261 meis,
1221 2182 1250 2247 si

116 2287 181 2351 haec
200 2288 258 2352 tihi
281 2291 422 2353 tacuero.
446 2289 533 2368 noui,
558 2290 633 2371 quia
655 2308 709 2355 cor
731 2290 840 2365 hebes,
865 2290 920 2355 sed
945 2292 978 2354 et
1004 2288 1130 2353 tardum
1160 2307 1249 2353 secu-

116 2412 173 2457 rum
195 2398 251 2471 est,
277 2395 402 2478 quando
425 2395 457 2459 in
482 2396 569 2462 caelo
593 2400 652 2474 est,
677 2399 710 2460 et
727 2400 856 2462 acutum
876 2415 930 2462 cor
947 2397 1026 2461 nihil
1045 2398 1105 2474 est,
1124 2396 1249 2479 quaudo

116 2500 141 2561 in
160 2504 237 2565 terra
259 2504 320 2565 est.
344 2520 406 2566 uon
430 2506 480 2567 eet
503 2502 706 2586 episcopatus
729 2503 898 2569 artificium
921 2503 1141 2588 transigendae
1163 2503 1250 2568 uitae

116 2605 231 2672 fallacis.
265 2607 392 2673 docebit
418 2612 461 2688 te,
490 2610 575 2691 quod
603 2609 684 2687 dico,
709 2609 856 2675 domiuus
880 2611 970 2689 deus,
994 2611 1048 2694 qui
1072 2609 1131 2675 tihi
1155 2610 1249 2673 iuter-

84 2742 103 2779 1
117 2712 200 2777 clusit
224 2732 335 2779 omues
363 2715 443 2792 uias,
468 2716 507 2780 ad
531 2715 687 2799 quasillo
712 2717 761 2781 uti
785 2717 931 2795 uoluisti,
954 2719 992 2781 ut
1015 2716 1131 2801 dirigat
1155 2719 1196 2794 te,
1222 2716 1249 2779 si

116 2818 280 2904 intelleges,
298 2820 330 2884 in
349 2820 439 2885 illam
462 2822 561 2900 uiam,
583 2824 712 2906 propter
736 2842 830 2905 quam
855 2823 1078 2888 ambulandam
1102 2822 1161 2887 tihi
1183 2826 1249 2887 tam

118 2928 212 2989 saucia
233 2927 357 2991 sarcina
379 2927 518 3009 inposita
540 2933 600 2996 est.

148 3116 158 3167 1
176 3116 311 3186 imphcare
331 3122 359 3170 te
380 3116 406 3171 Τ
423 3118 484 3172 edd.
503 3122 532 3172 te
550 3119 733 3187 multiplicare
756 3119 783 3173 U
865 3122 881 3175 3
901 3120 1032 3173 humanas
1050 3121 1124 3190 ipses
1147 3120 1172 3174 Τ
1188 3120 1249 3175 edd.

145 3202 281 3259 liu-manes
301 3211 339 3272 (m
358 3214 440 3273 erae)
453 3209 481 3262 R
515 3207 651 3262 felicatis
669 3208 695 3261 Τ
729 3208 896 3278 Squereles,
915 3224 985 3265 corr.
1004 3213 1065 3262 m.1
1082 3209 1204 3279 querelae
1218 3208 1252 3262 Η

146 3295 228 3348 autem
250 3295 459 3363 suspicaris—ee.
480 3299 521 3350 22
542 3296 671 3365 imposita
695 3302 737 3351 eet
755 3296 895 3365 deperdito
924 3298 1026 3353 codicis
1052 3300 1124 3365 folio
1152 3299 1250 3353 deseret

117 3380 142 3432 ie
157 3380 187 3435 H
237 3384 271 3437 12
288 3386 437 3453 potueruut
458 3384 486 3437 V
502 3388 562 3454 (pot
578 3385 611 3438 iu
629 3402 685 3442 ras.
705 3390 776 3453 m.1)
801 3385 827 3439 U
886 3387 918 3440 17
939 3386 1046 3457 quando
1066 3387 1188 3443 incaelo
1208 3392 1250 3441 est

117 3484 159 3522 orn.
176 3472 250 3525 codd.
269 3470 331 3525 edd.
345 3476 495 3539 praetereo
567 3473 687 3541 quandiu
706 3474 734 3527 in
752 3477 826 3528 terra
845 3480 887 3528 est
905 3492 919 3529 a
