3092 5217
500 541 764 612 epistularum
792 543 887 597 XLIV.
1202 548 1265 610 115

121 757 198 815 eum,
222 738 279 821 qui
301 743 554 822 persequeretur,
579 759 615 804 an
641 759 724 818 eum,
749 739 804 822 qui
822 739 1075 821 persecutionem
1093 742 1263 823 peteretur.

121 842 168 908 cui
193 845 424 927 respondebam
452 865 514 910 uon
542 849 627 911 recte
654 845 701 910 ita
727 846 928 930 interrogem
957 845 1025 910 fieri
1054 846 1135 911 enim
1159 865 1263 930 posse,

120 955 154 1016 ut
178 951 272 1017 ambo
299 951 404 1035 iniqui
431 952 505 1031 sint,
532 952 601 1017 fieri
628 953 724 1017 etiem
748 971 854 1037 posse,
878 956 915 1016 ut
937 951 1127 1035 iniquiorem
1150 951 1266 1017 iustior

119 1062 338 1140 persequetur:
367 1078 430 1124 uon
459 1077 533 1144 ergo
562 1078 633 1124 esse
662 1078 870 1143 consequere,
898 1063 936 1124 ut
963 1058 1033 1124 ideo
1063 1059 1107 1123 sit
1129 1058 1263 1142 quisquo

90 1165 241 1242 siustior,
274 1165 348 1249 quie
380 1166 635 1247 persecutionem
667 1166 797 1249 pat‘tur,
831 1165 978 1248 quamuis
1010 1165 1044 1230 id
1076 1166 1263 1249 plerumque

119 1272 289 1355 continget.
314 1272 427 1336 deinde
450 1291 523 1336 cum
547 1271 688 1337 uiderem
710 1273 746 1336 in
766 1273 827 1338 hoc
852 1292 924 1338 eum
945 1272 1084 1336 multum
1102 1271 1262 1350 inmorari,

118 1381 152 1442 ut
179 1378 338 1443 iustitiam
368 1399 446 1444 suae
474 1379 573 1462 partis
602 1398 637 1442 ex
666 1398 702 1443 eo
732 1383 851 1444 certem
878 1379 978 1444 uellet
1004 1377 1159 1462 intellegi,
1188 1379 1263 1462 quia

116 1485 369 1565 persecutionem
395 1504 490 1567 passe
520 1486 624 1561 buerit,
649 1485 794 1568 quaesiui
819 1485 856 1549 ab
882 1505 930 1561 eo,
954 1489 1061 1549 utrum
1085 1485 1207 1550 iustum
1231 1489 1263 1550 et

117 1589 328 1658 Christianum
357 1594 485 1676 putaret
512 1592 697 1676 episcopum
725 1590 973 1656 Mediolanensis
1005 1591 1156 1656 ecclesiae
1188 1597 1262 1657 Am·
1309 1607 1314 1622 ·

80 1723 101 1761 ro
116 1698 266 1762 brosinm.
294 1699 469 1782 cogebatur
494 1698 606 1782 utique
633 1717 758 1783 negare,
790 1697 875 1781 quod
901 1697 957 1761 ille
985 1697 1035 1763 uir
1063 1695 1262 1763 Christianus

117 1809 197 1869 essct
224 1810 260 1870 et
285 1805 403 1882 iustus,
432 1805 516 1887 quia,
545 1806 573 1870 si
600 1804 763 1883 fateretur,
792 1803 902 1869 statim
937 1803 1144 1881 obiceremur,
1177 1803 1262 1887 quod

117 1931 184 1976 eum
211 1912 473 1993 rebaptizandum
501 1931 572 1976 esse
601 1914 754 1978 censeret.
788 1930 860 1976 oum
890 1929 964 1994 ergo
995 1928 1032 1974 ea
1058 1909 1147 1992 loqui
1170 1929 1261 1993 coge·

116 2023 205 2091 retur,
235 2019 353 2101 quibus
382 2019 439 2084 ille
465 2037 527 2083 uon
555 2021 641 2082 esset
667 2017 832 2083 habendus
861 2016 1059 2082 Christianus
1089 2019 1120 2080 et
1141 2015 1260 2096 iustus,

117 2126 369 2204 commemoraui,
402 2128 553 2208 quautam
585 2125 839 2207 persecutionem
871 2122 1039 2206 pertulerit
1066 2122 1262 2187 circumdate

79 2255 102 2294 s
116 2232 204 2295 ctiam
228 2231 388 2296 militibus
411 2231 540 2296 armatis
565 2231 710 2295 ecclesia.
735 2229 881 2314 quaesiui
906 2229 1012 2306 etiem,
1036 2232 1144 2293 utrum
1162 2228 1260 2293 Mari-

115 2339 262 2416 mianum,
295 2338 350 2420 qui
381 2338 420 2401 ab
454 2338 500 2402 eis
533 2336 616 2418 apud
650 2336 875 2420 Carthaginem
908 2336 1048 2401 schisma
1078 2334 1199 2414 fecerit,
1228 2339 1261 2399 et

115 2445 230 2508 iustum
256 2447 289 2508 et
312 2444 526 2509 Christianum
548 2447 685 2526 putaret.
709 2462 770 2507 non
794 2445 918 2526 poterat
941 2443 1002 2506 nisi
1026 2461 1150 2526 negare.
1175 2461 1259 2506 corn-

115 2549 285 2614 memoreui
313 2567 387 2632 ergo
417 2548 514 2613 etiam
539 2548 633 2613 illum
660 2549 756 2613 telem
789 2547 1043 2630 persecutionem
1076 2547 1258 2630 pertulisse,

115 2659 149 2719 ut
169 2657 304 2720 ecclesia
333 2655 403 2720 eius
431 2674 533 2737 usque
562 2655 601 2718 ad
629 2655 833 2719 fundamenta
862 2653 1046 2720 dirueretur.
1081 2653 1131 2718 his
1159 2652 1259 2737 igitur

78 2787 100 2829 a
115 2762 260 2845 exemplis
280 2763 320 2840 ei,
340 2762 367 2827 si
391 2781 530 2844 possem,
553 2761 743 2845 persuadere
766 2760 929 2838 moliebar,
954 2765 992 2825 ut
1015 2761 1077 2824 iem
1101 2759 1259 2823 desineret

115 2868 212 2933 dicere
239 2869 473 2951 persecutionis
499 2868 736 2952 perpessionem
761 2867 957 2932 Christianae
980 2865 1123 2931 iustitiae
1147 2865 1257 2930 certis·

115 2974 225 3039 simum
248 2994 320 3040 esse
343 2975 579 3039 documentum.

152 3080 303 3146 Nerrauit
334 3082 431 3147 etiam
463 3081 496 3146 in
523 3081 595 3164 ipsa
623 3078 806 3146 schismatis
834 3079 976 3146 nouitate
1004 3079 1139 3143 maiores
1168 3098 1255 3154 suos

144 3290 161 3343 3
177 3290 234 3343 sint
251 3307 307 3344 ros.
326 3307 360 3344 er
377 3296 442 3344 suut
459 3290 497 3344 M
583 3292 693 3344 desset
711 3289 790 3343 codd.
810 3304 868 3342 esse
887 3288 948 3342 edd.
1036 3291 1052 3344 5
1073 3288 1197 3358 quamuis
1216 3287 1254 3357 id]

112 3379 229 3446 quemuis
247 3379 286 3433 sit
302 3379 334 3434 F
349 3396 429 3449 quam
448 3378 530 3433 iussit
547 3378 585 3432 M
600 3378 723 3448 quamuis
742 3378 770 3430 A
860 3380 876 3431 6
896 3377 1052 3446 contingat]
1072 3377 1171 3431 iustior
1189 3393 1252 3430 con·

113 3467 196 3536 tingat
212 3468 305 3522 MFA
324 3469 432 3522 iustiori
451 3467 596 3538 continget
613 3465 673 3521 edd.
687 3472 803 3534 praeter
819 3481 847 3518 m
946 3482 1006 3520 eum
1027 3482 1060 3519 erc
1077 3481 1123 3519 um
1142 3470 1202 3518 nel
1220 3465 1258 3520 Μ

113 3555 187 3624 lqui
204 3555 233 3608 A
296 3555 404 3609 diusto
422 3554 460 3609 M
477 3558 554 3620 (m.2
571 3554 656 3620 iustu)
675 3553 705 3607 F
721 3556 794 3617 (m.1
812 3568 881 3607 corr.
901 3552 986 3623 iustu)
1005 3554 1031 3607 A
1096 3554 1126 3606 11
1149 3559 1177 3605 et
1194 3568 1254 3620 esp.

114 3647 172 3696 Μ
187 3643 227 3697 Μ
298 3645 330 3698 12
349 3645 466 3698 censerit
482 3644 518 3697 M
535 3646 611 3712 (Μ
630 3642 776 3708 censuerit)
796 3644 823 3695 A
901 3657 932 3695 ea
949 3641 1037 3710 loqui]
1058 3641 1148 3710 eloqui
1166 3640 1252 3694 MFn

112 3732 174 3800 nef
234 3733 268 3786 13
287 3733 458 3796 christianos,
477 3748 546 3786 corr.
564 3735 626 3787 nel
645 3731 808 3785 christianus
827 3729 858 3784 F
920 3731 954 3784 14
973 3746 1032 3784 cum
1051 3731 1199 3783 memoreui
1218 3729 1255 3782 Μ

112 3825 181 3884 (m
197 3820 416 3888 commemoraui)
435 3820 463 3874 A
518 3819 711 3875 circumdatam
728 3819 795 3874 ΜΕ
812 3821 908 3890 (poeta
926 3819 943 3872 l.
959 3818 1031 3888 esp.)
1049 3819 1077 3872 A
1124 3820 1156 3872 15
1172 3818 1254 3872 etiarn

112 3910 274 3964 emilitibus
292 3908 320 3964 R
401 3909 522 3980 ecclesie,
541 3911 608 3963 net
627 3908 741 3980 qcclesie
758 3908 797 3962 Μ
879 3907 1013 3976 quaesiui,
1032 3907 1081 3962 sed
1098 3908 1127 3960 ui
1144 3908 1176 3960 ia
1194 3923 1251 3963 rus.

112 3999 214 4066 (urst)
234 4001 264 4054 P
281 3999 404 4068 quaesibi
423 3999 453 4054 F
469 3998 618 4069 queolsibi
636 3999 673 4052 Μ
690 3999 766 4068 (m.2
784 3995 946 4069 quaolsiui)
965 3998 992 4051 A
1044 3997 1077 4050 16
1097 3997 1142 4065 qui
1163 3995 1198 4048 ad
1218 3997 1251 4048 ei'

112 4089 153 4151 (ed
170 4090 202 4143 ei'
221 4089 275 4144 del.
295 4105 329 4142 m.
340 4089 370 4158 2)
392 4087 430 4141 Μ
453 4088 500 4156 qni
519 4087 595 4141 adsis
614 4091 686 4155 (nel
707 4089 781 4140 inter
799 4103 813 4140 e
833 4092 858 4140 et
876 4086 885 4139 ί
903 4101 991 4153 supro
1010 4084 1075 4139 add.
1094 4085 1123 4152 h)
1143 4083 1174 4138 F
1190 4085 1254 4152 quin

112 4177 141 4230 de
158 4179 195 4232 eis
214 4178 240 4230 A
261 4177 326 4245 quia
343 4181 373 4230 et
389 4177 414 4229 is
432 4175 492 4230 edd.
507 4181 621 4246 praeter
638 4193 665 4229 m
763 4173 867 4228 iecerat
886 4173 946 4228 edd.
1039 4174 1071 4227 17
1091 4177 1205 4241 negaret
1222 4171 1251 4226 R

143 4265 359 4329 commemoraui,
378 4280 446 4319 cerr.
466 4264 673 4318 commemoraui
691 4263 729 4316 Μ
818 4263 851 4317 19
871 4263 896 4316 ei
916 4279 1033 4331 ususque
1051 4261 1079 4314 P
1167 4261 1202 4314 20
1220 4264 1253 4312 ut

113 4355 225 4409 etiamA
271 4355 306 4408 21
325 4354 534 4423 persecutiones,
554 4369 623 4407 corr.
637 4357 698 4406 m.1
715 4351 911 4422 persecutionis
926 4350 963 4404 M
1005 4351 1040 4404 23
1059 4350 1209 4404 nouitate„
1225 4349 1251 4400 A

112 4443 241 4496 nouitate·
256 4447 296 4507 (m
311 4447 392 4508 orca)
411 4443 439 4495 P
865 4427 869 4437 ’

1179 4544 1212 4597 8*
