3092 5217
261 475 303 538 96
640 472 667 526 S.
695 471 832 526 Aureli
860 472 1078 543 Augustini

1508 5 1516 252 ι

171 661 252 726 Vll
305 667 398 748 Quod
422 668 449 732 si
472 671 563 751 gesta
585 667 822 750 proconsularia
846 667 1025 750 displicent,
1050 666 1274 732 ecclesiasticis
1294 667 1395 732 cedite.

261 773 367 839 omnia
393 775 486 839 uobis
511 773 619 839 ordine
641 774 777 838 recitata
801 778 885 838 sunt.
910 794 947 838 arr
971 775 1052 840 forte
1076 794 1136 839 non
1161 773 1273 838 debuit
1294 773 1397 838 Roma·

260 901 318 948 nae
346 883 499 948 ecclesiae
527 882 721 948 Melchiades
745 883 914 966 episeopus
938 901 1010 946 cum
1036 881 1165 965 collegis
1190 882 1397 946 transmarinis
1515 927 1516 942 r

261 989 418 1071 episcopis
446 988 526 1053 illud
551 989 612 1053 sibi
636 1008 789 1072 usurpare
812 989 978 1066 iudicium,
1004 988 1088 1071 quod
1112 989 1150 1052 ab
1173 989 1258 1054 Afris
1283 992 1398 1070 septna-
1515 1035 1516 1058 1

261 1097 359 1180 ginta,
388 1096 444 1160 ubi
472 1095 590 1179 primas
618 1096 817 1179 Tigisitanus
845 1095 1014 1179 praesedit,
1045 1096 1148 1160 fuerat
1180 1094 1398 1160 terminatum?
1424 1113 1434 1151 ⁵

261 1203 346 1285 qnid,
385 1202 469 1285 quod
506 1222 563 1267 nec
600 1203 669 1285 ipse
701 1203 891 1286 usurpauit?
923 1205 1054 1288 rogatus
1087 1203 1205 1284 quippe
1236 1203 1401 1285 imperator
1515 1237 1516 1240 π

260 1309 383 1374 iudices
411 1309 500 1374 misit
528 1311 706 1393 episcopos,
735 1311 791 1392 qui
819 1329 891 1374 cum
916 1327 951 1373 eo
977 1309 1122 1373 sederent
1145 1311 1176 1374 et
1199 1308 1237 1372 de
1260 1311 1330 1374 tota
1350 1309 1400 1372 illa
1517 1357 1518 1362 η

261 1435 366 1494 causa,
396 1417 479 1498 quod
507 1417 628 1480 iustum
656 1415 828 1493 uideretur,
862 1419 1048 1480 statuerent.
1081 1417 1140 1480 hoc
1172 1415 1342 1499 probamus
1373 1419 1401 1480 et

260 1523 501 1589 Donatistarum
530 1523 676 1607 precibus
705 1528 737 1588 et
764 1523 871 1588 uerbis
899 1524 1002 1606 ipsius
1030 1523 1243 1606 imperatoris;
1272 1525 1400 1604 utraque

262 1632 345 1696 enim
381 1630 474 1695 uobis
511 1630 593 1695 lecta
629 1629 820 1695 meministis
858 1637 890 1694 et
922 1629 1109 1712 inspiciendi
1142 1649 1177 1694 ac
1210 1629 1400 1694 describendi
1417 1645 1438 1684 ¹⁰

260 1737 422 1803 licentiam
450 1757 532 1802 nunc
560 1737 694 1803 habetis.
722 1737 822 1821 legite
851 1740 883 1801 et
912 1737 1109 1802 considerate
1138 1737 1252 1801 omnia.
1287 1735 1400 1812 uidete,

261 1846 378 1926 quanta
401 1863 476 1908 cura
498 1843 586 1926 pacis
606 1847 700 1926 atquc
718 1843 852 1908 unitatis
872 1843 1103 1908 conseruandae
1122 1843 1174 1908 uel
1193 1841 1401 1908 restituendae

261 1953 376 2015 cuncta
403 1949 549 2014 discussa
576 1951 650 2024 siut,
680 1968 775 2032 quem
803 1949 841 2013 ad
869 1949 999 2014 modurn
1028 1953 1249 2014 accusatorum
1272 1967 1402 2032 persons

259 2059 395 2120 tractata
423 2059 456 2120 ot
483 2056 678 2137 quorundam
707 2074 817 2119 eorum
851 2056 966 2138 quibus
999 2054 1133 2120 maculis
1164 2055 1332 2137 inprobata
1364 2055 1403 2119 sit

259 2162 536 2246 praesentiumque
559 2161 694 2226 uocibus
717 2161 839 2242 liquido
864 2161 1045 2227 constiterit
1072 2161 1150 2225 nihil
1170 2180 1224 2226 eos
1244 2161 1402 2239 habuisse,
1419 2177 1440 2215 ¹⁵

261 2269 344 2351 quod
373 2268 404 2332 in
434 2267 649 2333 Caecilianum
678 2267 827 2344 dicerent,
857 2267 913 2333 sod
941 2271 1040 2333 totam
1069 2285 1197 2332 eausam
1225 2266 1257 2332 in
1281 2266 1403 2350 plebem

260 2373 298 2439 de
330 2378 420 2457 parte
452 2373 610 2450 Maiorini,
643 2375 702 2439 boc
731 2378 782 2438 est
810 2375 994 2438 seditiosam
1024 2377 1057 2439 et
1084 2375 1122 2438 ab
1153 2374 1307 2440 ecclesiae
1330 2393 1403 2457 pace
1519 2365 1520 2430 l

260 2479 429 2544 alienatam
452 2480 692 2546 multitudinem
715 2481 883 2546 transferre
907 2481 1061 2559 uoluisse,
1084 2483 1122 2544 ut
1141 2481 1179 2545 ab
1200 2500 1237 2546 ea
1255 2480 1404 2546 uidelicet

259 2588 353 2651 turba
377 2587 574 2653 Caecilianus
599 2593 814 2665 accusaretur,
838 2609 932 2672 quam
957 2589 1034 2654 solis
1057 2589 1266 2654 tumultuosis
1293 2587 1402 2652 clamo·

259 2694 347 2758 ribus
375 2695 464 2758 nulla
492 2695 753 2760 documentorum
788 2695 1007 2772 adtestatione,
1040 2695 1127 2760 nullo
1160 2695 1307 2760 ueritatis
1340 2709 1442 2758 era-2⁰

259 2800 343 2864 mine
372 2801 411 2864 ad
438 2821 530 2866 suam
558 2803 758 2867 uoluntatem
788 2803 908 2867 animos
936 2801 1078 2866 iudicum
1103 2801 1289 2884 detorquere
1312 2819 1404 2884 posse
1520 2855 1521 2902 ,

260 2907 501 2982 arbitrabantur,
529 2909 590 2973 nisi
617 2909 700 2973 forte
728 2909 850 2972 furiosa
877 2911 909 2973 et
936 2909 1050 2992 poculo
1080 2907 1193 2972 erroris
1221 2911 1318 2990 atque
1343 2926 1406 2970 cor·
1520 2909 1521 2938 l

259 3013 415 3096 ruptionis
439 3014 526 3078 ebria
548 3015 722 3080 multitudo
745 3034 821 3079 nera
839 3015 871 3079 in
893 3014 1107 3082 Caecilianum
1127 3013 1258 3078 crimina
1277 3013 1405 3079 diceret,

259 3119 315 3183 ubi
335 3121 537 3203 septuaginta
556 3121 708 3204 episcopi,
728 3123 814 3187 sicut
833 3122 871 3186 de
891 3121 995 3186 Felice
1016 3121 1232 3205 aptungitano
1249 3121 1405 3196 constitit,

260 3225 407 3290 absentes
431 3229 463 3290 et
485 3227 668 3293 innocentes
693 3229 831 3312 collegas
854 3231 920 3293 tam
943 3229 1054 3294 insana
1076 3228 1256 3292 temeritate
1280 3228 1406 3292 damna·
1423 3247 1445 3286 rs

259 3335 343 3395 runt.
373 3332 458 3413 quali
486 3335 570 3398 enim
598 3335 708 3398 turbae
735 3335 783 3399 illi
813 3338 1045 3410 consenserant,
1072 3339 1109 3399 ut
1137 3334 1291 3400 aduersus
1321 3335 1407 3398 inno-

261 3442 368 3503 centes
404 3458 465 3503 non
501 3441 712 3526 interrogatos
745 3443 921 3524 proferrent
954 3443 1138 3520 sententias,
1172 3461 1189 3505 a
1221 3441 1279 3506 tali
1312 3441 1407 3506 turba

296 3751 308 3805 1
330 3751 472 3823 dispicent‚
490 3757 556 3809 m.2
573 3753 638 3807 add.
657 3753 667 3807 l
685 3753 713 3808 R
808 3755 824 3808 3
844 3753 992 3808 militiades
1011 3753 1041 3808 F
1058 3753 1137 3820 (med.
1157 3755 1166 3807 i
1186 3755 1257 3823 sup.)
1277 3755 1305 3808 P
1323 3754 1405 3808 militi

259 3840 322 3894 ades
341 3842 368 3895 A
391 3842 540 3906 militiadis,
559 3845 625 3897 aaa
646 3841 793 3896 militiades
813 3842 848 3896 M
865 3843 1010 3897 melciades
1030 3843 1090 3898 edd.
1105 3848 1255 3911 praeterat
1310 3845 1328 3898 4
1349 3845 1406 3914 epi-

259 3931 359 4000 scopis]
380 3937 426 4000 eps
445 3929 475 3984 F
557 3932 688 4000 usurpari,
707 3936 773 3984 m.2
792 3948 919 4001 usurpare
938 3932 966 3986 P
1019 3935 1035 3986 5
1055 3932 1185 4001 primatus
1205 3931 1282 3985 codd.
1304 3932 1405 4000 primas

259 4017 319 4074 edd.
427 4019 600 4088 praesidebat
617 4019 655 4072 M
760 4020 858 4084 sutura,
878 4025 943 4074 Μ
962 4020 1050 4074 fuerat
1068 4020 1096 4074 P
1184 4019 1286 4089 liquid
1306 4037 1359 4075 orn.
1379 4019 1407 4075 R

258 4106 275 4160 8
294 4109 449 4161 statuerunt
467 4108 557 4162 MFA
602 4109 618 4161 9
637 4110 810 4180 imperatoris
829 4111 914 4179 ipsius
929 4110 955 4163 A
1003 4110 1036 4163 10
1054 4109 1230 4163 meministris
1250 4110 1274 4178 (r
1292 4113 1365 4177 cap.)
1382 4109 1409 4163 P

295 4193 474 4248 distribuendi
493 4195 520 4250 R
603 4198 636 4251 13
655 4199 710 4251 sint
727 4215 784 4251 ras.
805 4215 837 4252 ea
856 4201 919 4251 sunt
937 4195 968 4252 F
1046 4199 1079 4252 14
1097 4197 1223 4252 masculis
1244 4201 1301 4266 (pr.
1321 4215 1334 4250 s
1354 4197 1406 4251 del.

258 4286 334 4349 Μ)
353 4283 381 4336 Ρ
433 4286 467 4337 22
486 4286 662 4354 correptionis
681 4287 758 4340 codd.
814 4287 849 4339 24
868 4285 901 4340 de
921 4285 990 4340 filice
1009 4285 1040 4339 F
1056 4285 1166 4341 difficile
1184 4288 1212 4339 A
1267 4287 1406 4340 autumni·

258 4375 322 4426 tano
342 4373 419 4426 codd.
440 4389 483 4426 oe
536 4375 570 4427 27
590 4374 772 4444 interrogatas
792 4375 854 4430 MA
