3092 5217
191 439 233 501 60
548 435 575 490 S.
603 434 741 489 Aureli
769 434 986 505 Augustini

190 633 304 697 thaeus
334 632 532 715 euangelista
560 631 703 713 quintam
731 630 856 695 sabbati
883 630 961 694 dicit
983 631 1083 695 fuisse
1106 631 1243 714 primum
1265 652 1334 715 azy-

191 758 325 815 morum,
364 737 438 821 qnia
476 737 544 801 ciris
582 756 714 818 uespera
751 739 964 818 consequente
1005 736 1113 801 futura
1153 740 1221 800 erat
1259 756 1336 801 cena

191 845 361 928 paschalis,
402 864 462 927 qua
500 862 576 908 cena
607 843 781 925 incipiebat
812 862 959 925 azymum
992 853 1024 906 ct
1057 842 1127 906 ouis
1159 842 1334 907 immolatio

192 952 383 1017 manducari.
413 970 449 1015 er
477 970 538 1033 quc
568 950 730 1033 colligitur
757 954 902 1033 quartam
929 950 1053 1014 sabbati
1077 950 1187 1022 finisse,
1211 949 1335 1031 quando

193 1060 238 1121 ait
266 1058 426 1123 dominus:
462 1057 591 1135 Scitia,
617 1057 703 1139 quia
735 1060 823 1139 post
854 1055 1009 1121 biduum
1037 1055 1176 1138 pascha
1203 1056 1273 1120 fiet
1300 1061 1337 1120 et
1373 1076 1392 1116 s

193 1165 302 1230 filius
337 1164 499 1230 hominis
533 1164 715 1241 tradetur,
748 1167 791 1227 ut
823 1163 1086 1247 crucifigatur.
1120 1182 1156 1227 ac
1188 1184 1243 1247 per
1275 1166 1335 1229 hoc

194 1273 260 1337 dies
285 1272 352 1354 ipse
375 1272 492 1336 ieiunio
517 1270 687 1353 deputatus
712 1274 771 1348 est,
797 1271 881 1353 quia,
906 1271 991 1335 sicut
1014 1270 1213 1354 euangelista
1234 1270 1336 1352 ecqui-

194 1383 246 1443 tur
274 1381 306 1443 et
342 1378 434 1454 dicit,
474 1382 564 1442 tunc
605 1378 827 1461 congregati
863 1381 954 1441 sunt
988 1377 1181 1460 principes
1219 1396 1336 1441 sacer-

194 1483 322 1549 dotum
352 1490 387 1549 et
416 1485 586 1549 seniores
614 1485 748 1566 populi
776 1484 812 1549 in
841 1485 979 1549 utrium
1007 1485 1194 1567 principie
1218 1503 1336 1549 sacer·

195 1590 332 1669 (lotum,
357 1592 420 1673 qui
440 1590 640 1655 dicebatur
663 1590 838 1673 Caiphae,
863 1595 901 1655 et
924 1592 1127 1657 consilium
1154 1592 1335 1668 fecerunt,
1361 1613 1398 1651 ιο

195 1700 235 1761 ut
258 1698 380 1763 Iesum
406 1698 489 1763 dolo
514 1702 686 1762 tenerent
709 1702 746 1762 et
769 1698 997 1763 occiderent.
1025 1698 1206 1763 intermisso
1230 1701 1336 1762 autem

195 1824 257 1869 uno
282 1804 342 1881 die,
372 1805 410 1869 de
439 1824 500 1886 quo
530 1804 609 1869 dicit
635 1804 851 1887 errangclium:
885 1804 1010 1873 Prima
1040 1808 1165 1869 autem
1198 1823 1337 1887 azymo-

194 1934 273 1977 rum
302 1916 547 1977 accesserunt
578 1911 763 1992 discipuli
803 1912 847 1975 ad
879 1911 1004 1975 lesum
1036 1910 1222 1976 dicentes:
1254 1911 1336 1975 ‘Ubi

193 2021 252 2085 uie
285 2038 460 2100 paremus
494 2018 566 2083 tibi
600 2017 793 2082 comedere
826 2017 999 2100 pascha?
1024 2054 1069 2064 -
1096 2018 1155 2083 hoc
1184 2037 1257 2102 ergo
1285 2018 1336 2082 die

193 2126 373 2192 intermisso
407 2144 521 2209 passus
555 2128 606 2188 est
637 2124 796 2201 dominus,
829 2124 915 2207 quod
942 2125 1049 2189 nullus
1078 2124 1222 2208 ambigit,
1250 2129 1337 2189 sexu
1357 2146 1395 2183 ιε,

195 2232 329 2297 sabbati.
368 2233 559 2314 quapropter
595 2236 626 2296 et
664 2232 734 2313 ipsa
766 2233 855 2295 senta
886 2237 971 2295 recte
1001 2232 1120 2296 ieiunio
1153 2232 1337 2313 deputatum

194 2340 312 2404 ieiunia
336 2339 451 2421 quippe
475 2338 690 2403 humilitatem
719 2337 910 2421 significant.
945 2337 1027 2402 crude
1056 2337 1178 2403 dictum
1205 2342 1269 2403 est:
1292 2340 1339 2402 Et

193 2446 443 2511 humiliabam
466 2445 503 2508 in
525 2445 669 2510 ieiunio
695 2445 853 2509 animaru
876 2464 1001 2510 meam.

150 2556 188 2619 31
239 2552 389 2635 Sequitur
422 2552 600 2630 sabbatum,
634 2572 696 2634 quo
730 2552 781 2616 dio
813 2571 885 2617 curo
919 2552 1038 2617 Christi
1068 2551 1101 2616 in
1133 2556 1337 2617 monumento

192 2660 360 2741 requieuit,
385 2660 468 2725 sicut
488 2659 651 2742 inprimis
671 2660 819 2741 oporibus
839 2659 950 2724 mundi
972 2659 1168 2742 requiouit
1186 2658 1264 2722 deus
1281 2658 1337 2722 illo
1361 2676 1400 2716 ao

194 2766 244 2831 die
264 2767 306 2831 ab
332 2766 504 2831 ouruibns
525 2767 703 2849 operibus
724 2767 816 2831 suis.
835 2766 907 2830 hinc
928 2770 1035 2831 exortu
1053 2770 1103 2831 est
1120 2767 1183 2832 ista
1200 2766 1233 2829 in
1251 2766 1340 2849 regia

193 2874 249 2938 illa
272 2876 363 2937 ueste
386 2873 534 2949 uarietas,
559 2876 596 2937 ut
619 2872 675 2936 alii
698 2872 784 2937 sicut
807 2872 941 2936 maxime
964 2872 1076 2954 populi
1099 2872 1229 2937 orientis
1247 2890 1340 2954 prop·

193 2984 241 3044 ter
273 2980 415 3062 requiem
453 2978 691 3064 significandum
729 2979 861 3043 mallent
901 2980 1039 3043 relaxaro
1079 2979 1249 3055 ieiunium,
1286 2978 1340 3041 alii

194 3090 322 3169 propter
349 3086 563 3150 humilitatem
591 3086 703 3149 mortis
732 3085 852 3152 domini
874 3086 1014 3151 ieiunare
1038 3087 1124 3151 sicut
1146 3087 1287 3150 Romana
1309 3088 1342 3147 et

192 3193 362 3257 nonnullae
395 3192 569 3257 occidentis
603 3192 766 3270 ecclesiae,
800 3194 885 3274 quod
918 3194 1047 3276 quidem
1079 3212 1142 3257 uno
1181 3193 1242 3270 die,
1279 3210 1340 3273 quo
1364 3208 1404 3247 2⁵

284 3417 416 3471 bliatth.
436 3417 514 3481 26,2
570 3416 703 3471 8Matth.
724 3418 766 3481 26,
786 3418 857 3471 3-4
921 3420 953 3473 12
971 3418 1071 3472 Matth.
1091 3421 1135 3481 26,
1155 3420 1187 3472 17
1243 3419 1275 3473 ll
1294 3418 1339 3472 Ps.

194 3506 236 3569 31,
258 3504 290 3559 13
345 3506 379 3559 20
399 3504 465 3559 Gen.
487 3506 511 3569 2,
531 3506 601 3560 2-3

230 3631 243 3683 1
264 3630 391 3699 primum]
409 3630 523 3699 primum
544 3628 615 3683 diem
635 3628 779 3684 P¹P²P³T
796 3630 909 3700 primum
929 3632 1000 3686 diem
1020 3631 1080 3685 edd.
1160 3634 1176 3686 2
1196 3649 1257 3701 qna,
1275 3647 1344 3687 corr.

195 3718 299 3785 (ruff)
320 3719 384 3788 quia
406 3718 431 3772 T
506 3722 702 3788 consequenter
721 3720 756 3771 ΡΙ
778 3724 909 3789 sequente
928 3722 990 3775 edd.
1080 3723 1096 3775 3
1116 3738 1176 3790 que,
1196 3736 1267 3775 corr.
1284 3725 1346 3774 nul

194 3826 247 3877 qua
265 3808 297 3861 H
315 3816 368 3878 qut
386 3806 426 3861 P²
491 3809 592 3877 tque]
612 3826 642 3862 co
661 3808 701 3861 Ρ2
783 3812 880 3878 quarta
897 3810 935 3863 P'
955 3814 1065 3879 quttam
1084 3809 1124 3863 Ρ2
1190 3810 1286 3865 {ruitis
1303 3809 1346 3862 P²

229 3898 277 3951 liat
295 3896 334 3948 P²
396 3896 473 3967 6ch
493 3897 544 3951 hac
562 3896 600 3949 Ρι
665 3898 698 3951 12
718 3895 750 3951 de
770 3914 821 3951 om.
840 3897 938 3951 ΗΡΡ2
1005 3900 1037 3968 13
1057 3898 1185 3969 discipuli
1203 3916 1263 3963 om,
1282 3902 1344 3953 nul

193 4002 213 4039 a.
233 4002 261 4038 u.
281 3984 345 4039 add.
365 3986 403 4038 P¹
496 3988 528 4039 14
547 4002 666 4041 coronare
685 3984 724 4038 P²
796 3986 849 4040 diei
869 3985 908 4039 Ρ2
995 3989 1028 4042 16
1048 3988 1120 4057 quod
1139 3992 1256 4058 propter,
1275 4004 1345 4042 corr.

194 4078 359 4145 quapropter
375 4073 415 4127 1³²
451 4075 486 4128 20
505 4074 552 4128 illo
567 4074 611 4128 dic
626 4091 678 4129 orn.
694 4092 736 4128 ae
751 4074 795 4128 die
814 4075 862 4129 illo
880 4076 904 4128 Τ
910 4078 934 4144 f
941 4078 1010 4131 lrm
1046 4079 1079 4131 21
1099 4076 1176 4146 regia
1196 4075 1255 4144 illa]
1270 4075 1350 4143 regio

193 4162 266 4217 illius
285 4162 324 4215 1²²
337 4164 451 4217 ecclesia
469 4162 493 4217 Τ
509 4164 618 4233 reginae
633 4163 708 4217 illins
724 4164 794 4217 lrm
843 4166 878 4218 22
897 4169 974 4219 ueste
994 4170 1129 4229 om.,m.1
1146 4182 1168 4218 a.
1182 4182 1211 4220 u.
1226 4164 1293 4217 add.
1310 4164 1350 4216 Ρι

193 4268 272 4306 ueace
291 4251 329 4305 Ρ2
347 4251 475 4306 uescendi
497 4252 522 4307 T
575 4253 687 4307 orientis
706 4253 800 4323 populi
818 4255 905 4324 siquis
923 4271 993 4309 corr.
1006 4254 1046 4307 Ρδ
1099 4256 1134 4309 25
1153 4271 1206 4307 uno
1227 4252 1270 4307 (lie
1291 4270 1348 4323 qno

193 4358 244 4395 om.
263 4340 356 4410 spatio
378 4345 396 4395 6
415 4342 432 4395 l.
451 4340 546 4396 relicto
564 4341 602 4394 P¹
675 4343 739 4411 uno]
756 4342 869 4396 iunoH
939 4343 1050 4413 quo·(d
1068 4343 1149 4413 erac.)
1172 4342 1198 4396 T
