3092 5217
289 506 354 570 220
664 503 691 557 S.
719 504 856 558 Aureli
884 474 1102 572 Augustini
1157 559 1161 566 ,

289 697 379 760 33333
408 699 441 760 33
468 696 584 778 corrigi
612 700 729 780 potest,
753 715 815 761 uon
840 696 951 760 debuit
973 699 1079 762 tamen
1102 697 1134 761 in
1157 698 1316 775 tractoria,
1342 717 1427 779 quam
1521 697 1522 770 Ϊ

290 802 380 866 misit
400 803 624 868 uenerabilitas
652 806 718 883 tua,
746 822 860 868 nomen
889 803 957 868 eius
986 804 1204 887 praetermitti.
1236 805 1320 886 quod
1349 804 1375 868 si
1400 806 1427 868 33

289 908 402 972 mediis
421 908 502 973 locis
522 910 772 974 conscriberetur
791 913 823 974 et
840 927 902 974 non
920 910 951 998 in
972 910 1070 991 primo
1095 914 1273 993 poneretur,
1296 911 1427 976 muitum

290 1017 434 1092 mirarer3
468 1021 584 1098 quanto
617 1015 720 1099 magis
752 1016 931 1080 mirandum
965 1021 1023 1094 333,
1053 1016 1138 1098 quod
1166 1017 1254 1081 nulla
1279 1018 1339 1080 tibi
1365 1017 1427 1082 eius
1521 1017 1522 1102 3

289 1123 515 1186 admemoratio
534 1123 619 1186 facta
637 1126 696 1198 est,
716 1122 771 1204 qui
790 1123 924 1186 maxime
943 1123 981 1186 ad
1000 1123 1170 1187 concilium
1188 1123 1296 1187 uenire
1315 1123 1420 1187 debuit
1453 1147 1463 1184 3
1521 1105 1522 1180 i

268 1228 326 1292 'ut
349 1229 387 1292 de
411 1229 481 1312 ipso
504 1229 660 1311 primatus
685 1229 803 1304 ordine,
828 1247 908 1310 quae
936 1247 1032 1294 causa
1059 1230 1203 1294 omnium
1225 1229 1429 1294 Numidarum
1521 1301 1522 1326 3

289 1336 483 1419 episcopis†
508 1335 713 1400 ecclesiarum
737 1337 904 1418 primatus,
928 1340 1083 1420 ageretur.
1521 1353 1522 1426 3

244 1439 263 1499 2
334 1442 393 1505 Η33
418 1441 456 1506 de
481 1443 628 1507 causise
630 1443 707 1506 tiam
731 1443 840 1507 uenire
868 1444 1056 1518 dubitarem,
1080 1463 1118 1508 33
1141 1444 1223 1509 forte
1245 1443 1328 1508 falsa
1350 1450 1430 1508 esset
1521 1483 1522 1558 3

288 1548 446 1626 tractoria,
489 1568 552 1630 qua
591 1552 680 1614 tanta
719 1550 913 1630 peruersitas
956 1553 1129 1633 apparfferet
1171 1553 1365 1633 quamquam
1401 1555 1429 1614 et
1521 1617 1522 1670 3

288 1658 403 1737 angus
401 1674 435 1717 33
466 1657 619 1740 temporis
653 1661 686 1719 et
716 1655 796 1720 aliae
829 1675 943 1738 graues
971 1657 1143 1721 3333333333
1111 1676 1178 1721 333
1205 1677 1256 1721 me
1282 1657 1428 1740 multipli-
1446 1678 1464 1716 3

288 1763 367 1828 33333
389 1763 590 1845 impedirten.
566 1762 698 1826 tunde
722 1764 796 1845 peto
779 1763 904 1826 obeati
907 1762 1086 1828 tudinemt
1072 1766 1171 1842 tuam,
1196 1765 1428 1850 utmihiiguo·
1521 1791 1522 1850 3

287 1889 358 1935 3333
383 1873 415 1934 33
437 1871 538 1953 primo
573 1869 691 1934 instare
725 1869 874 1953 digneris,
904 1872 940 1933 ut
967 1871 1049 1934 33333
1076 1874 1165 1934 tuam
1194 1870 1428 1934 sanctimoniam

287 1981 449 2041 33333333
468 1976 686 2060 Xanthippum
710 1976 906 2041 concorditer
930 1982 1020 2040 const
1006 1979 1063 2055 3,
1088 1977 1159 2059 quis
1178 1997 1236 2040 333
1238 1979 1321 2041 rum
1341 1977 1429 2042 debet

286 2101 462 2150 conuocare
487 2082 671 2158 concilium;
701 2089 757 2147 aut
781 2086 876 2160 certe,
902 2083 986 2165 quod
1012 2084 1171 2149 salubrius
1196 2083 1337 2163 arbitror
1366 2083 1428 2147 3333

287 2191 476 2272 cuiusquam
500 2189 694 2272 praeiudicio
719 2190 810 2254 ambo
835 2193 1006 2255 conuocate
1030 2191 1170 2274 collegas
1207 2194 1341 2268 3333333,
1379 2209 1428 2254 333
1446 2213 1464 2249 a

286 2297 431 2374 maxime,
461 2297 515 2378 qui
543 2297 636 2362 uobis
665 2297 869 2379 episcopatus
897 2300 999 2362 aetate
1022 2297 1121 2361 uicini
1145 2300 1229 2374 3333,
1254 2298 1309 2379 qui
1330 2297 1428 2379 facile

287 2404 359 2486 quis
391 2408 535 2468 uestrum
566 2423 679 2467 uerum
714 2403 809 2480 dicat,
842 2408 1024 2488 agnoscant,
1057 2407 1094 2467 ut
1121 2405 1203 2469 inter
1229 2423 1288 2468 uos
1314 2421 1427 2485 paucos
1521 2389 1522 2398 ¹

286 2510 397 2575 eadem
420 2529 493 2594 prae
518 2509 630 2574 ceteris
655 2510 799 2592 quaestio
824 2509 989 2606 dirimatur
1011 2511 1043 2572 et
1066 2528 1169 2573 erroro
1189 2509 1315 2573 sublato
1334 2507 1427 2571 miuo-

287 2635 336 2680 333
366 2637 384 2680 3
411 2617 525 2681 3333333
554 2619 780 2694 33333333333,
810 2615 864 2698 qui
891 2634 949 2680 nec
976 2619 1112 2698 possunt
1137 2634 1195 2681 nec
1224 2615 1340 2680 debent
1369 2614 1427 2680 3333

285 2724 410 2788 uobis
402 2743 434 2786 33
457 2725 515 2788 hac
539 2743 572 2786 re
595 2725 758 2804 tamquam
782 2723 939 2804 prioribus
965 2723 1145 2787 crederet
1113 2726 1145 2786 33
1167 2743 1251 2787 3333
1278 2723 1426 2806 ignorant,
1442 2743 1464 2779 a
1521 2705 1522 2800 3

286 2830 339 2894 333
373 2831 515 2892 uestrum
548 2828 752 2910 potissimum
786 2829 921 2892 credant.
960 2828 1040 2892 33333
1072 2829 1242 2911 epistulam
1275 2829 1426 2912 signatum
1521 2853 1522 2904 3

285 2935 359 3000 misi
384 2936 489 3012 33313,
514 2934 569 3016 qui
594 2935 740 3017 exprimit
762 2935 876 2999 faciem
899 2935 1036 2999 hominis
1060 2935 1258 2999 adtendentis
1281 2935 1424 2999 inlatus.
1521 2949 1522 2994 3

1521 3061 1522 3092 t

322 3125 384 3178 lin
406 3124 505 3177 om.T
571 3125 635 3178 2in
655 3141 707 3178 om.
728 3124 806 3179 codd.
879 3125 1078 3178 ascriberetur
1100 3125 1128 3178 U
1195 3123 1428 3180 43333333337

284 3215 322 3268 ibi
347 3214 407 3267 Um
475 3217 490 3268 5
510 3215 700 3266 comemoratio
722 3219 763 3279 (33
783 3215 815 3266 ia
833 3230 905 3280 rao.;
917 3215 1013 3281 fuitne
1031 3213 1101 3280 ada)
1126 3215 1150 3267 V
1168 3215 1381 3268 commemoratio
1403 3211 1427 3266 U
1521 3209 1522 3262 J

284 3307 301 3358 6
326 3319 378 3370 que
401 3318 483 3356 33333
507 3303 531 3355 V
553 3304 600 3371 qui
625 3319 706 3356 33333
727 3303 754 3356 U
777 3319 856 3355 causa
874 3303 955 3371 [333
978 3320 1102 3356 33333333
1193 3304 1207 3357 7
1227 3304 1351 3373 primitus
1368 3301 1425 3355 edd.
1521 3361 1522 3364 ,

287 3391 320 3444 12
339 3390 468 3459 dignaris,
489 3407 559 3444 corr.
578 3395 640 3444 331
663 3390 784 3459 digneris
807 3391 832 3444 Τ
922 3392 954 3445 13
979 3393 1149 3462 sauctippum
1169 3392 1247 3446 codd.
1267 3391 1424 3460 Xantippum
1521 3401 1522 3438 t

285 3479 346 3532 edd.
429 3479 597 3533 concorditer
616 3480 665 3543 bis,
686 3481 805 3532 oliorum
824 3497 882 3548 esp.
902 3481 930 3534 R
1011 3481 1064 3544 det,
1083 3485 1149 3535 m.2
1168 3479 1270 3534 debent
1293 3479 1425 3536 Udebeat
1521 3469 1522 3476 ¹

285 3567 345 3621 cdd.
402 3568 436 3621 14
454 3567 581 3622 33333333
600 3567 628 3622 R
701 3567 835 3621 salubrius
855 3585 914 3622 esse
934 3569 1048 3622 arbitror
1065 3568 1155 3623 RVU
