3092 5217
347 505 351 511 .
469 468 733 538 epistularum
761 468 880 524 XXXVI.
1204 474 1246 537 57

38 660 67 721 ld
145 662 210 727 Nec
251 663 333 729 illud
375 666 513 740 moueat,
557 664 641 745 quod
683 664 945 731 Priscillianistae
990 666 1247 732 Manichaeorum

107 770 255 834 simillimi
280 769 320 834 ad
343 769 548 835 ieiunandum
573 769 623 835 die
647 770 804 836 dominico
830 772 934 837 solent
961 773 1181 839 testimonium
1209 774 1248 838 de

108 878 318 960 apestolorum
343 878 468 943 actibus
493 876 652 953 adhibere,
677 896 750 942 cum
775 882 860 943 esset
881 878 1003 943 Paulus
1027 880 1191 961 apestolus
1216 879 1246 944 in

108 982 229 1049 Troade.
265 984 313 1049 sic
342 984 424 1049 enim
453 986 606 1069 scriptum
642 988 703 1049 est:
740 986 782 1049 Iu
814 1004 890 1049 una
922 990 1053 1050 autem
1084 987 1248 1051 sabbati

83 1092 370 1175 scongregatis
404 1092 520 1157 nobis
548 1094 736 1177 frangere
764 1111 905 1174 panem
933 1092 1086 1157 Paulus
1115 1092 1246 1175 dispu-

109 1197 322 1261 tabatillis
338 1199 525 1265 exiturus
547 1190 628 1265 alia
647 1200 710 1264 die
729 1200 1004 1283 produxitque
1025 1219 1246 1264 sermenem

109 1322 228 1386 usqne
261 1304 308 1368 ad
340 1305 513 1371 medium
546 1307 692 1371 noctis.
727 1306 838 1371 deinde
867 1326 939 1370 cum
968 1306 1186 1371 descendisset
1208 1305 1247 1370 de

110 1410 263 1487 cenaculo,
278 1410 333 1475 ubi
349 1413 533 1497 congregati
548 1416 645 1489 erant,
666 1413 704 1477 ad
723 1410 977 1477 resuscitandum
997 1412 1245 1489 adulescentem,

110 1518 159 1598 qui
190 1522 340 1601 grauatus
375 1538 484 1585 somno
518 1518 556 1584 da
589 1520 726 1583 fenestra
754 1518 911 1585 ceciderat
937 1521 970 1583 et
996 1522 1141 1584 mortuus
1170 1517 1246 1582 fere-

76 1623 267 1698 rotelanda
295 1624 365 1707 ipso
395 1626 539 1709 apostolo
568 1625 725 1707 scriptura
752 1626 799 1690 sic
826 1626 982 1707 loquitur:
1014 1624 1245 1689 ascendens
1330 1668 1334 1675 -

112 1734 248 1807 autem,
272 1730 387 1813 inquit,
413 1751 497 1795 cum
517 1732 718 1817 fregisset
735 1752 875 1815 panem
896 1737 1014 1813 atque
1033 1734 1246 1815 gustasset

113 1838 291 1919 satisque
316 1848 428 1903 esset
453 1839 673 1905 adlocutus
698 1859 828 1922 usque
852 1839 898 1903 ad
922 1838 1161 1914 diluculum,
1186 1838 1246 1904 sic

112 1943 314 2025 proiectus
340 1947 412 2012 est.
437 1944 531 2023 absit,
555 1948 592 2010 ut
614 1947 675 2010 hoc
700 1946 746 2011 sic
770 1946 955 2029 accipiatur,
978 1952 1142 2028 tamquam
1166 1946 1246 2012 scle—

111 2053 172 2113 rent
205 2051 342 2133 apostoli
381 2050 538 2117 dominice
576 2051 627 2116 die
660 2052 855 2117 sollemniter·
886 2052 1035 2117 ieiunare.
1068 2071 1131 2116 una
1163 2052 1245 2117 enim

78 2178 97 2215 n
112 2155 224 2219 sabbati
247 2160 324 2221 tunc
348 2157 566 2241 appellabatur
585 2158 662 2235 dica,
683 2159 737 2241 qui
757 2178 840 2223 nunc
860 2159 1038 2224 dominicus
1057 2158 1245 2242 appellatur,

112 2261 186 2343 qued
207 2263 237 2326 in
261 2264 437 2349 euangeliis
462 2264 601 2347 apertius
626 2266 795 2330 inuenitur.
820 2286 892 2330 nam
915 2264 983 2331 dies
1006 2265 1246 2330 resurrectionis

113 2368 219 2433 domini
245 2370 374 2451 prima
401 2372 564 2436 sabbati
589 2390 607 2436 a
630 2372 803 2448 Matthnen,
828 2393 847 2437 a
870 2373 982 2437 ceteris
1007 2376 1114 2437 autem
1141 2373 1245 2437 tribus

114 2494 179 2539 nna
209 2476 372 2541 sabbati
405 2477 531 2556 dicitur,
565 2497 659 2561 quem
689 2484 814 2545 cunstat
842 2500 915 2545 eum
943 2498 1024 2557 esse,
1053 2480 1108 2563 qui
1135 2483 1247 2564 postea

113 2582 277 2649 dominicus
308 2584 487 2667 appellatus
516 2589 575 2651 est.
609 2590 664 2651 aut
688 2605 761 2669 ergo
785 2592 860 2669 pest
881 2591 1046 2668 peractum
1070 2586 1154 2652 diem
1177 2588 1246 2651 sab·

80 2688 290 2755 abstineatis
314 2690 406 2756 initio
430 2691 556 2757 fuerant
579 2692 773 2777 congregati,
798 2712 879 2775 quae
903 2694 1015 2776 utique
1038 2712 1097 2759 nor
1120 2694 1181 2757 iam
1206 2694 1246 2758 ad

114 2795 185 2859 diem
209 2796 414 2875 dominicum,
438 2799 498 2863 hnc
523 2801 573 2863 est
596 2799 635 2863 ad
660 2818 754 2863 unam
780 2799 904 2865 sabbati
927 2800 1114 2882 pertinebat,
1143 2803 1175 2864 et
1201 2800 1245 2864 ita

104 2901 210 2967 ,eadem
236 2910 328 2968 nocte
356 2904 515 2970 fracturus
542 2925 666 2988 panem,
696 2908 780 2971 sicut
807 2907 964 2991 frangitur
989 2907 1020 2970 in
1049 2911 1244 2971 sacramento

114 3010 237 3090 corporis
261 3010 391 3087 Christi,
415 3012 564 3093 produxit
586 3031 763 3077 sermonem
787 3014 948 3096 usquead
970 3013 1111 3078 medium
1130 3014 1244 3087 noctis,

114 3120 145 3178 ut
176 3122 245 3198 past
280 3118 440 3185 celebrata
476 3124 673 3185 sacramenta
708 3140 818 3185 rursus
855 3139 958 3202 usque
994 3121 1034 3184 ad
1067 3120 1244 3186 diluculum

189 3361 205 3413 4
222 3360 280 3414 Aet.
300 3362 344 3425 20,
365 3364 380 3415 7
455 3364 488 3417 10
507 3363 567 3417 ret.
587 3364 631 3427 20,
652 3364 682 3416 11
768 3364 801 3417 17
819 3364 917 3417 Matar.
937 3362 981 3427 28,
1002 3364 1030 3426 1;
1048 3362 1130 3418 Marc.
1152 3363 1194 3429 16,
1212 3364 1240 3426 2;

115 3446 166 3501 Luc.
184 3450 224 3512 24,
243 3451 272 3514 1;
290 3450 349 3505 Ioh.
370 3452 414 3513 20,
434 3452 446 3505 1

146 3572 385 3640 lprierillianistae
400 3574 438 3627 Ρι
456 3576 643 3645 primianistae
656 3574 697 3629 P²
748 3577 765 3631 3
785 3576 924 3645 apostolus
942 3575 1043 3631 Paulae
1061 3574 1122 3631 edd.
1177 3591 1242 3645 ape·

117 3659 188 3714 siclae
205 3678 253 3716 cm.
273 3662 314 3715 P³
331 3664 470 3733 apostolos
488 3661 528 3717 P²
631 3666 646 3719 7
666 3664 847 3719 discendieeet
863 3664 902 3718 P¹
1000 3664 1016 3717 8
1036 3664 1188 3734 eengregitl
1206 3663 1245 3717 Ρ2

120 3748 145 3799 11
161 3752 259 3818 panem]
277 3756 369 3805 tamen
388 3750 428 3804 P²
518 3753 551 3805 12
569 3769 655 3823 neque
673 3770 728 3807 rae.
749 3758 775 3807 ct
793 3769 862 3807 corr.
881 3759 942 3809 m.1
959 3770 993 3808 ea
1011 3769 1079 3823 quae
1098 3754 1125 3806 P
1196 3753 1240 3822 ad]

121 3834 179 3887 uP²
240 3840 271 3893 15
290 3840 442 3909 appellatur
460 3840 560 3895 cm.T
626 3842 659 3897 16
677 3842 706 3895 in
726 3842 885 3911 euangelias
903 3840 943 3895 P²
1010 3858 1073 3896 nam
1091 3843 1123 3895 ia
1136 3843 1197 3911 fine
1213 3859 1241 3896 a.

123 3925 198 3989 spatio
213 3926 302 3981 relicta
320 3944 372 3982 om.
390 3928 427 3981 P¹
505 3930 538 3983 17
557 3946 574 3984 a
592 3930 691 3993 am.P
762 3932 795 3985 18
814 3947 874 3984 esee
892 3931 992 3985 om.T
1069 3934 1166 4001 postea
1185 3931 1243 3985 dies

128 4008 250 4067 dominicus
267 4016 304 4068 Ρ3
321 4015 471 4071 dominicus
488 4022 586 4089 postea
603 4019 664 4073 edd.
734 4020 767 4074 19
786 4024 919 4090 peratum,
938 4036 1006 4077 cesa.
1025 4024 1085 4075 m.1
1102 4024 1242 4089 peractum

132 4097 160 4147 Ρ3
202 4102 233 4155 20
248 4106 401 4175 congregali
420 4122 498 4176 quae,
517 4110 583 4161 m.2
601 4124 669 4163 carr.
689 4108 747 4164 aad.
767 4109 980 4178 congregatique
998 4108 1037 4162 Ρι
1107 4110 1162 4163 iam
1181 4124 1242 4171 om„

137 4188 352 4259 1⁸·21?1⁰M·T
431 4212 448 4247 a
466 4193 537 4250 diem
556 4194 595 4248 1³²
683 4197 718 4251 22
737 4196 866 4262 facturus,
886 4214 955 4255 corr.
973 4202 1035 4251 m.1
1052 4197 1185 4253 fracturus
1202 4198 1241 4251 P¹

165 4273 258 4344 fugitur
274 4279 308 4332 Ρ1
394 4283 428 4338 23
448 4284 535 4338 noctis
554 4301 583 4339 se
602 4288 633 4339 ut
649 4284 690 4337 1³²
780 4287 815 4340 24
838 4290 1007 4341 sacramenta
1025 4286 1162 4341 celebrata
1180 4286 1240 4341 edd.

140 4375 212 4415 rursus
225 4370 307 4438 usquc]
325 4386 467 4441 rursusque
485 4372 580 4427 HPP¹
599 4390 683 4443 usque
705 4373 731 4426 Τ
802 4374 836 4429 ad
856 4372 1027 4429 dilucu10P²
