3092 5217
448 528 713 596 epistularum
741 528 899 584 LXXXVII.
1181 536 1245 599 405

112 721 191 786 uobis
221 722 459 805 coniungimini,
492 722 552 787 boc
580 724 631 786 est
658 722 810 787 ccclesiae
839 721 901 799 dei,
924 723 1093 789 hereditati
1118 724 1247 802 Christi,

112 829 191 893 cuius
222 828 383 910 possessio
417 832 493 893 sunt
523 829 650 894 termini
682 832 794 907 terrae,
826 848 885 895 nos
917 830 1121 915 corrigimini,
1150 835 1187 895 ut
1214 832 1247 895 in

111 934 203 999 radice
238 935 370 1001 uinetis.
412 936 449 1001 de
485 938 582 1001 ramis
620 935 704 1001 enim
739 937 849 1001 fractis
892 937 939 1002 sic
981 938 1025 1002 ait
1066 938 1247 1019 apostolus:

112 1042 247 1106 Potens
279 1046 343 1107 cst
376 1042 478 1107 enim
512 1042 610 1107 deus
643 1042 791 1107 iterum
824 1042 1006 1108 inserere
1039 1043 1148 1109 illos.
1188 1062 1246 1108 uos

91 1168 176 1231 sergo
211 1148 378 1214 mutamini
416 1170 451 1215 er
488 1170 525 1215 ea
564 1152 663 1231 parte,
707 1168 770 1232 qna
811 1148 1058 1229 dissentiebatis,
1101 1150 1248 1233 quamuis

111 1262 303 1333 sacramenta,
344 1276 424 1340 qnae
461 1257 636 1334 habebatis,
675 1276 747 1321 eum
787 1256 895 1321 eadem
929 1256 994 1322 sint
1026 1256 1057 1322 in
1091 1257 1247 1333 omnibns,

112 1366 208 1427 sancta
238 1364 313 1428 sint.
347 1368 537 1448 quapropter
566 1382 625 1429 uos
659 1364 775 1428 mutari
804 1364 955 1429 uolumus
985 1384 1001 1429 a
1029 1364 1248 1448 peruersitate,

109 1471 138 1547 id
159 1476 205 1535 est
226 1476 262 1535 nt
289 1471 392 1537 denuo
420 1470 580 1536 radicetur
607 1474 714 1535 uestra
740 1470 906 1555 praecisio.
941 1490 1013 1535 nam
1042 1472 1248 1549 santamente,

113 1598 181 1660 quae
214 1597 275 1643 non
303 1578 467 1658 mutastis,
497 1578 582 1642 sicut
618 1578 754 1655 habetis,
788 1577 1003 1661 adprobantur
1030 1596 1048 1641 a
1075 1576 1178 1653 nobis,
1212 1594 1248 1640 nc

81 1708 98 1739 a
112 1686 191 1765 forte,
213 1704 286 1750 curn
309 1689 451 1750 uestram
472 1683 665 1766 pronitatem
689 1684 844 1769 corrigere
864 1684 1026 1761 uolumus,
1046 1682 1111 1747 illis
1131 1686 1248 1766 myste-

112 1793 158 1856 riis
176 1792 303 1870 Christi‚
322 1811 403 1874 quae
421 1792 453 1857 in
472 1794 581 1857 uestra
599 1792 757 1875 pronitate
778 1791 950 1875 deprauata
969 1809 1030 1855 non
1051 1794 1135 1869 sunt,
1157 1790 1250 1855 sacri-

113 1902 204 1983 legam
234 1900 390 1964 faciamus
418 1899 576 1965 iniuriam.
609 1916 711 1980 nsque
740 1898 823 1962 enim
852 1902 884 1963 ct
912 1896 989 1963 Saul
1023 1898 1252 1981 deprauauerat

114 2006 292 2085 nothonem,
317 2025 411 2089 quam
436 2008 610 2088 acceperat,
635 2006 686 2070 cni
710 2004 853 2070 unctioni
877 2009 1001 2069 tantum
1025 2004 1175 2069 honorem
1199 2022 1250 2068 rer

115 2112 214 2186 Dauid,
247 2113 320 2195 pius
354 2112 404 2177 dei
436 2132 560 2182 seruas.
595 2112 745 2177 exhibuit.
783 2114 948 2195 propterea
981 2130 1055 2195 orgo
1093 2129 1151 2175 uos
1189 2128 1249 2174 non

83 2235 100 2272 1⁵
113 2220 343 2302 rebaptizamus,
377 2220 432 2302 qui
462 2219 600 2284 radicem
633 2218 727 2284 uobis
759 2218 889 2284 reddere
923 2218 1080 2301 cupimus,
1117 2218 1249 2281 formam

114 2331 206 2390 tamen
243 2326 378 2410 praecisi
414 2328 576 2404 sarmenti,
615 2326 641 2389 si
679 2345 740 2390 non
779 2328 903 2390 mutate
935 2328 994 2398 est,
1029 2324 1250 2407 adprobamus,

115 2451 183 2513 quae
217 2437 323 2498 tamen
361 2434 508 2517 quamuis
544 2433 667 2516 integra
703 2432 789 2497 nullo
827 2432 920 2496 modo
959 2434 1009 2495 est
1047 2431 1114 2495 sine
1146 2428 1252 2493 radice

114 2540 274 2605 fructuosa.
308 2540 369 2606 elia
405 2541 550 2624 quaestio
589 2544 639 2605 est
675 2540 713 2604 de
749 2537 1035 2624 persecutionibus,
1074 2554 1151 2619 quas
1193 2554 1251 2601 uos

114 2647 209 2713 dicitis
232 2650 298 2732 pati
321 2650 354 2713 in
377 2651 467 2714 tanta
489 2647 734 2712 mausuetudine
757 2651 790 2712 et
811 2646 942 2710 lenitate
967 2648 1252 2709 destructurum

81 2768 179 2819 ²⁰uere
212 2755 334 2821 inlicite
371 2774 406 2820 ac
443 2756 594 2838 priuatim
632 2755 733 2819 uestri
769 2754 889 2819 fociant
927 2751 1082 2836 grauiora,
1120 2750 1181 2815 alia
1214 2750 1251 2813 de

113 2860 304 2941 baptismate,
328 2860 412 2944 quod
436 2882 497 2928 non
521 2861 702 2945 quaerimus
725 2861 781 2925 ubi
806 2860 858 2937 sit,
883 2859 940 2925 sed
962 2858 1017 2923 ubi
1041 2857 1151 2941 prosit.
1180 2874 1251 2920 narn

114 2966 294 3051 ubicumque
319 2972 378 3047 eet,
402 2970 509 3052 ipsum
529 2972 592 3044 est;
618 2968 754 3033 sednon
774 2969 868 3032 etiam
889 2967 954 3042 illc,
974 2966 1028 3048 qui
1046 2968 1106 3029 boc
1126 2964 1252 3046 accipit,

114 3072 295 3158 ubicumque
319 3079 378 3154 est,
396 3076 466 3158 ipse
484 3080 544 3141 est.
569 3077 677 3158 itaque
696 3074 852 3158 priuatam
873 3074 1036 3139 bominum
1056 3071 1251 3155 impietatem

114 3179 299 3247 detestamur
334 3184 366 3248 in
404 3183 587 3260 schismate,
625 3183 823 3265 baptismum
860 3200 935 3245 uero
974 3178 1094 3247 Christi
1135 3178 1253 3260 ubique

80 3302 100 3340 a
114 3306 298 3366 ueneremur,
323 3289 407 3372 quia,
431 3290 458 3354 si
483 3290 657 3355 desertores
681 3308 790 3355 seeum
814 3287 1014 3370 imperatoris
1039 3286 1131 3370 signa
1149 3284 1253 3349 tradu-

114 3399 186 3471 cant,
216 3396 280 3461 illis
313 3397 367 3461 uel
400 3397 599 3463 damnatione
631 3395 752 3479 punitis
785 3396 838 3461 uel
870 3392 1071 3478 indulgentia
1103 3392 1253 3463 correctis

115 3500 195 3566 salua
226 3502 317 3589 signa
348 3503 555 3587 recipiuntur,
584 3505 612 3570 si
640 3504 731 3568 salua
762 3503 956 3567 manserunt.
990 3504 1022 3567 et
1050 3501 1077 3567 si
1107 3500 1184 3583 quid
1216 3498 1253 3562 de

115 3606 165 3671 bac
185 3628 216 3672 re
240 3609 426 3694 diligentius
450 3611 664 3693 quaerendum
689 3616 748 3684 est,
773 3610 836 3674 alia
860 3614 919 3687 est,
944 3612 980 3673 ut
1004 3608 1078 3687 diri,
1098 3607 1253 3691 quaestio.

194 3870 206 3921 1
226 3870 271 3924 Pu.
291 3870 316 3933 2,
336 3870 354 3925 8
407 3870 519 3925 4Rorn.
542 3870 637 3934 11‚23
695 3870 728 3924 12
747 3870 775 3923 II
794 3870 861 3939 Reg.
883 3871 906 3933 1,
928 3870 1015 3924 1-16

146 3976 252 4031 luobis
270 3976 301 4031 F
377 3976 578 4047 coniungemini
598 3978 653 4031 Fa
723 3978 860 4046 {potens
880 3976 931 4045 cst]
952 3977 1045 4044 potest
1063 3975 1091 4028 P
1163 3974 1256 4027 tsint

115 4081 162 4118 rae.
181 4069 225 4130 (ex
241 4066 343 4137 snnt?)
362 4066 391 4119 F
441 4066 458 4119 8
477 4066 591 4135 precisic
613 4067 664 4132 (sio
683 4065 715 4118 in
732 4081 788 4121 res.
808 4066 951 4129 incertum)
970 4064 1008 4118 M
1068 4066 1101 4118 14
1119 4067 1254 4135 propiore,

116 4156 371 4225 or.2proptereaP
421 4154 678 4223 lbqniaPslrm
729 4157 761 4209 16
781 4155 911 4225 praecisis
930 4153 1095 4208 anneutiM
1144 4154 1176 4207 18
1192 4153 1253 4211 alio.

116 4257 175 4295 corr.
192 4260 226 4300 n.
245 4250 277 4298 ut
294 4243 353 4298 oid.
372 4248 388 4297 1
408 4242 462 4296 alia
479 4242 510 4295 F
579 4260 646 4313 quos
668 4248 691 4297 ,t
774 4244 809 4297 20
828 4243 971 4313 pracatinr,
991 4247 1057 4298 Μ
1074 4242 1203 4313 priuatim
1222 4244 1258 4297 M

116 4330 145 4383 23
159 4331 292 4386 hominem
308 4332 477 4403 impietatem
497 4333 524 4385 in
544 4333 671 4386 scismate
691 4333 859 4387 detestamur
872 4333 900 4388 R
950 4334 984 4387 25
1004 4333 1069 4401 quia
1087 4333 1122 4401 si]
1137 4333 1215 4402 quasi
1229 4332 1256 4385 R

147 4420 468 4486 siom.,sa.1add.1⁴⁷
573 4422 724 4491 producant
746 4422 773 4475 R
864 4412 1259 4483 28a0‚oorr.m.1t'aeF
