3092 5217
293 498 358 562 374
646 496 673 551 S.
701 494 840 551 Aureli
869 496 1087 565 Augustini

293 711 408 775 magna
436 692 579 775 quaestio
608 696 668 767 est,
698 690 781 755 sitne
810 689 978 772 aliquando
1003 690 1128 756 mentiri
1153 691 1213 755 uiri
1237 692 1319 769 boni,
1341 692 1427 761 immo

294 799 355 863 uiri
380 798 562 877 Christiani,
587 798 736 882 qualibus
761 796 970 862 dictumest:
996 796 1053 862 Sit
1077 797 1111 861 in
1137 816 1198 863 ore
1222 802 1348 863 uestro
1369 800 1428 863 ‘est

295 910 374 983 θεῖ’,
399 913 477 971 ‘non
506 912 588 970 non’
616 909 649 970 et
676 904 730 987 qui
759 924 832 970 curn
861 903 921 969 fide
950 903 1099 969 audiunt:
1131 905 1271 969 Perdes
1305 924 1427 969 ornnes.

242 1014 359 1095 atqui
382 1014 591 1097 loquuntur
613 1011 861 1087 mendacium
887 1009 953 1088 sed,
978 1013 1015 1075 ut
1039 1010 1111 1088 diri,
1135 1014 1167 1075 et
1191 1011 1253 1075 alia
1275 1014 1308 1074 et
1329 1031 1429 1095 magua

296 1120 440 1203 quaestio
469 1122 520 1183 est
542 1156 584 1167 -
609 1119 717 1203 eligat,
742 1117 827 1200 quod
855 1116 1004 1195 uoluerit,
1029 1116 1082 1199 qui
1111 1117 1170 1183 boc
1196 1117 1361 1194 existimat,
1384 1118 1462 1181 ubis

296 1226 476 1303 mentiatur,
510 1225 585 1288 dum
618 1228 724 1287 tamen
753 1223 791 1288 ab
821 1222 1033 1288 scribentibus
1058 1224 1241 1289 auctoribus
1267 1228 1430 1288 sanctarum

297 1334 524 1422 seripturarum
557 1334 589 1396 et
619 1330 753 1394 maxime
783 1328 1003 1395 canonicarum
1029 1330 1217 1395 inconcusse
1245 1329 1386 1395 credatur
1405 1334 1430 1394 ct

298 1439 485 1505 defendatur
503 1439 615 1503 abesse
635 1436 761 1502 omnino
781 1436 998 1513 mendacium,¹
1012 1456 1050 1501 ne
1068 1438 1301 1519 dispensatores
1317 1436 1430 1513 Christi,

299 1548 337 1611 de
361 1547 477 1629 quibus
501 1546 623 1611 dictum
647 1546 709 1609 est:
738 1544 809 1608 Hic
838 1544 908 1607 iam
942 1544 1138 1627 quaeritur
1169 1544 1269 1609 inter
1301 1544 1431 1625 dispen-

300 1658 458 1731 satores,
492 1656 533 1717 ut
564 1652 697 1716 fidelis
731 1650 813 1732 quis
846 1651 1075 1727 inueniatur,
1110 1654 1272 1734 tamquam
1296 1670 1465 1734 magnonis

299 1762 418 1844 aliquid
452 1760 513 1826 sibi
545 1759 680 1823 fideliter
710 1758 861 1823 didicisse
884 1757 1053 1822 uideantur
1075 1776 1130 1840 pro
1156 1758 1299 1822 ueritatis
1323 1757 1430 1838 dispen-

301 1869 422 1933 satione
458 1866 594 1943 mentiri,
633 1884 706 1929 cum
739 1865 809 1947 ipsa
842 1864 919 1928 tides
952 1864 984 1929 in
1017 1865 1129 1930 Latino
1163 1884 1306 1930 sermone
1337 1864 1372 1927 ab
1401 1882 1429 1926 eo

301 1976 425 2039 dicatur
451 1972 618 2055 appellata,
647 1972 722 2055 quia
748 1971 794 2045 fit,
823 1970 908 2053 quod
932 1970 1057 2035 dicitur.
1086 1970 1141 2035 ubi
1165 1974 1271 2036 autern
1294 1970 1337 2037 fit.
1361 1969 1431 2051 qnod

302 2082 428 2155 dicitur,
452 2079 624 2145 mentiendi
647 2079 758 2159 utique
782 2098 843 2142 uon
868 2081 918 2143 est
940 2078 1040 2145 locus.
1072 2078 1175 2143 fidelis
1199 2078 1297 2163 igitur
1323 2078 1430 2159 dispen-

302 2193 388 2253 sator
419 2187 582 2271 apostolus
611 2186 731 2250 Paulus
764 2186 875 2267 procul
909 2184 1003 2248 dubio
1036 2185 1127 2249 nobis
1160 2184 1287 2249 exhibet
1313 2184 1343 2247 in
1370 2184 1464 2249 son-n
1511 2148 1512 2243 i

228 2304 236 2319 ‘
302 2294 404 2359 hendo
427 2293 533 2370 fidem,
557 2292 632 2375 quia
654 2291 800 2356 ueritatis
825 2291 1024 2375 dispensator
1048 2294 1124 2368 erat,
1148 2310 1207 2356 non
1227 2290 1381 2355 falsitatis.
1402 2308 1431 2352 ac

302 2422 359 2485 per
390 2402 451 2465 hoc
483 2418 595 2465 uerum
628 2397 756 2480 scripsit
784 2395 904 2461 uidisse
934 2416 967 2461 sa
990 2398 1120 2461 Petrum
1149 2416 1211 2461 non
1238 2402 1322 2461 recte
1343 2397 1431 2479 ingre·

304 2508 443 2573 dientem
477 2507 516 2571 ad
548 2505 715 2570 iteritatem
749 2503 907 2589 euangelii
939 2503 1030 2586 eique
1063 2504 1094 2567 in
1131 2502 1245 2567 faciem
1281 2502 1431 2577 restitisse,
1511 2514 1512 2544 ³

305 2616 389 2698 quod
413 2616 523 2699 gentes
547 2614 674 2697 cogeret
691 2610 859 2676 iudaizare.
883 2611 952 2693 ipse
971 2630 1046 2675 uero
1065 2610 1189 2687 Petrus,
1211 2610 1295 2692 quod
1314 2629 1331 2673 a
1347 2608 1432 2672 Paulo

305 2721 401 2786 fiebat
429 2719 551 2786 utiliter
577 2719 723 2783 libertate
751 2718 903 2794 caritatis,
933 2722 1059 2782 sanctae
1088 2736 1124 2781 ac
1151 2717 1306 2799 benignae
1331 2716 1468 2797 pietates

396 2981 816 3044 aMate11.o‚er;1no.5.12
876 2980 1036 3042 ersa?
1098 2978 1309 3041 elcanae
1362 2976 1431 3031 lro'.

307 3072 362 3126 Cic.
383 3072 416 3124 de
437 3070 611 3132 off.17,23
668 3070 700 3122 17
719 3067 780 3121 Gal.
801 3070 825 3131 2,
848 3070 893 3131 14;
914 3070 945 3121 11

345 3254 532 3324 lrnentiraQ
585 3254 651 3309 boni
668 3254 763 3308 uiriE
817 3252 947 3307 tueriR
1002 3249 1437 3321 estuntcsitinfinepnycrni
1510 3318 1511 3323 ἵ

307 3346 323 3399 3
343 3363 396 3399 non
416 3362 469 3398 non
488 3351 591 3399 utnon
610 3344 659 3397 sub
679 3342 779 3396 iudicio
800 3341 933 3395 decidatis
953 3342 1045 3410 etqui
1065 3340 1124 3395 edd.
1143 3356 1195 3395 sec.
1215 3358 1254 3409 cp.
1277 3342 1332 3393 Iac.
1399 3339 1435 3407 qui

309 3434 379 3503 curn]
399 3433 551 3502 quicunque
569 3432 597 3485 R
685 3430 770 3484 ised
789 3431 855 3484 haec
875 3434 906 3483 ut
924 3430 978 3483 dixi
998 3429 1180 3500 HQIEirm
1277 3432 1376 3497 etpost
1392 3426 1435 3479 alia
1510 3420 1511 3491 ,

309 3540 359 3578 oria.
380 3522 460 3577 PER
514 3521 663 3574 tertiaret
681 3520 714 3573 H
762 3519 851 3572 dhab
872 3518 1052 3571 scribentibus
1071 3518 1104 3571 Η
1122 3534 1137 3570 a
1155 3514 1434 3573 scribentibusliedd.
1510 3500 1511 3561 ἒ

310 3611 559 3679 adscribentibusQ
574 3607 787 3663 asscribentibus
796 3607 862 3661 ME
896 3607 1036 3660 domnino
1052 3606 1246 3661 abesseledd.
1301 3601 1438 3659 baberseH
1510 3616 1511 3681 1

345 3700 484 3755 mendacio
506 3698 535 3750 H
587 3696 726 3751 §edictum
746 3712 797 3750 om.
817 3696 905 3749 PMA
968 3696 996 3749 in
1015 3695 1047 3748 H
1110 3694 1288 3765 dispentores,
1308 3710 1372 3749 corr.
1390 3696 1437 3745 aar
1510 3690 1511 3766 i

311 3789 511 3859 dispensatores
530 3788 557 3840 P
629 3787 662 3841 10
681 3785 812 3838 fideles]
885 3786 915 3840 11
936 3802 984 3855 per
1002 3785 1127 3838 ueritatis
1152 3783 1378 3853 dispensat-ionem
1396 3780 1439 3851 Qr:

312 3880 345 3931 12
364 3878 631 3931 arentin-sannone
650 3875 740 3929 onr.A
815 3874 848 3927 ab
868 3874 917 3935 bis,
938 3872 1055 3927 alternas
1069 3889 1139 3927 erac.
1158 3872 1181 3943 Q
1233 3873 1266 3927 13
1281 3879 1343 3941 post
1360 3869 1437 3940 appel·

311 3968 368 4020 lata
385 3966 505 4034 spatians
526 3969 556 4017 11
573 3966 630 4031 fere
649 3964 666 4017 l.
688 3962 863 4033 Qappeilcri
882 3962 915 4015 H
991 3962 1061 4032 quod
1082 3961 1109 4015 di
1127 3960 1228 4015 dicitur
1246 3962 1300 4033 QE
1369 3959 1437 4013 ubi—

311 4056 412 4109 dicitur
431 4072 481 4107 om.
503 4053 556 4124 ΟΕ
617 4053 650 4106 14
666 4057 732 4120 post
749 4050 902 4105 mentiendi
921 4068 978 4105 ras.
1001 4052 1075 4105 7-8
1094 4050 1151 4103 tr
1206 4052 1301 4120 itaque
1318 4050 1346 4103 E
1394 4062 1439 4099 nou

313 4172 337 4194 n
352 4144 427 4197 locus
447 4144 489 4208 (ia
506 4158 563 4195 ras.
577 4142 637 4209 suit
656 4142 694 4211 lo)
713 4140 740 4193 P
829 4140 1003 4209 dispensatur
1020 4140 1051 4193 Η
1134 4142 1166 4193 15
1185 4139 1303 4201 exhibet,
1323 4140 1350 4192 in
1366 4152 1438 4202 mora.

313 4231 477 4285 ostendetI
555 4229 679 4283 exhibere
699 4228 808 4283 uidetur
826 4230 853 4281 in
876 4227 929 4296 ΘΕ
1019 4229 1051 4283 16
1071 4227 1174 4281 ueritas
1191 4228 1219 4281 P
1296 4228 1336 4296 ac]
1355 4220 1440 4279 barii

315 4322 346 4373 17
367 4321 483 4389 scripsit]
509 4319 577 4372 dixit
595 4321 625 4373 Ε
730 4334 758 4371 se
782 4334 832 4371 cnr.
854 4317 902 4371 HI
991 4318 1024 4371 20
1048 4320 1142 4371 sancta
1166 4334 1197 4371 ac
1216 4317 1332 4387 benigne
1350 4316 1373 4369 R
1390 4312 1439 4366 cdd.

311 4414 457 4478 praetcrm
529 4408 580 4461 bac
599 4408 631 4461 H
