3092 5217
412 494 680 562 epistularum
707 493 827 552 Lxxrx.
857 496 959 549 LXXX.
1195 502 1258 563 34?

118 687 213 751 adbuc
241 686 365 769 aliquot
391 686 459 751 dies
487 686 652 752 nobiscum
681 692 921 768 remoraturum,
946 693 1072 773 repente
1101 698 1260 774 comperta

120 794 278 858 occasione
301 793 422 878 nauigii
441 794 519 857 mibi
538 794 712 876 pridianam
732 813 823 858 suam
842 796 1066 878 profectionem
1087 798 1148 863 iam
1168 806 1259 863 nocte

119 901 287 985 suggessit.
321 901 398 983 quid
429 901 578 980 facerem,
612 921 684 966 eum
718 922 791 967 enm
824 909 930 968 tenere
963 922 1023 968 non
1056 924 1183 988 possem
1217 912 1258 983 et,

119 1008 188 1091 qnia
213 1008 253 1071 ad
282 1026 352 1085 uos,
381 1026 454 1072 cum
483 1008 599 1090 quibus
634 1008 663 1072 ei
696 1009 812 1075 melius
844 1014 941 1087 esset,
973 1012 1170 1095 properabat,
1203 1033 1259 1077 nec

94 1115 142 1177 ssi
163 1134 301 1199 possem,
326 1115 483 1179 deberem.
506 1114 636 1196 proinde
658 1134 761 1197 pauca
783 1116 861 1181 haec
883 1117 958 1183 ilioo
977 1119 1095 1201 arripui
1114 1119 1259 1184 dictanda

120 1225 207 1303 atque
235 1221 391 1285 mittenda
417 1221 595 1305 prolixioris
624 1222 780 1305 epistulae
809 1242 859 1287 me
890 1224 1040 1289 confitens
1073 1226 1258 1301 debitorem,

120 1348 186 1391 enm
207 1332 281 1410 post
302 1327 441 1393 reditum
465 1329 693 1419 uenerabilium
714 1330 848 1394 fratrum
866 1334 1043 1395 nostrorum
1065 1333 1257 1415 collegarum

119 1455 252 1499 meomm
284 1435 400 1499 Theasi
438 1438 470 1499 et
495 1434 599 1500 Euodi
631 1438 769 1519 primum
802 1438 901 1500 uestri
935 1456 970 1501 er
1001 1442 1089 1519 parte
1122 1438 1258 1505 satiatus

119 1542 209 1606 itero.
240 1542 371 1606 uberius
405 1543 489 1606 enim
521 1543 560 1606 ad
593 1561 650 1607 nos
683 1542 714 1605 in
744 1562 851 1607 eomm
880 1545 1063 1626 pectoribus
1092 1550 1124 1610 et
1150 1548 1258 1611 oribus
1358 1564 1364 1579 ¹

86 1668 170 1713 nuos
198 1669 267 1714 esse
296 1653 450 1715 uenturos
477 1650 540 1713 iam
569 1651 695 1733 iamque
722 1650 753 1713 in
784 1649 901 1715 Christi
934 1653 1058 1717 nomine
1088 1656 1182 1737 atque
1207 1655 1258 1718 ad·

119 1757 225 1821 intorio
258 1776 434 1839 speramus.
473 1776 544 1822 cum
577 1758 655 1822 baec
686 1757 907 1834 scriberemus,
937 1763 969 1823 et
995 1778 1051 1841 per
1077 1761 1256 1825 unanimem

120 1864 211 1927 tilium
235 1867 379 1929 nostrum
404 1863 609 1949 Tagastensis
637 1863 790 1928 ecelesiae
818 1864 1038 1947 presbytemm
1061 1866 1258 1931 Fortunatis·
1342 1949 1348 1958 Ι

120 1991 186 2035 num
209 1970 343 2035 Romam
366 1971 591 2055 nauigatumm
615 1971 708 2034 aliam
734 1970 904 2052 epistulam
925 1973 1035 2053 paucis
1055 1976 1126 2037 ante
1146 1974 1257 2039 diebus

121 2079 175 2140 ianr
198 2077 354 2143 dederam.
378 2096 461 2142 nunc
485 2097 570 2161 ergo,
595 2077 680 2159 quod
702 2079 801 2157 soleo,
831 2097 919 2161 rogo,
948 2082 994 2155 ut,
1023 2079 1107 2161 quod
1136 2080 1257 2145 soletis.

88 2210 106 2246 e
121 2184 249 2248 iacietis:
284 2184 381 2249 oretis
409 2204 465 2266 pro
498 2184 601 2261 nobis,
635 2186 671 2247 ut
702 2184 844 2249 uideat
877 2185 1060 2250 dominus
1095 2186 1256 2251 bumili-

121 2294 236 2355 tatem
269 2295 449 2355 nostram
483 2295 522 2355 et
558 2291 735 2356 laborem
775 2296 956 2357 nostrum
995 2296 1032 2357 et
1072 2293 1258 2359 dimittat

122 2399 242 2463 omnia
263 2403 434 2480 peccata
463 2401 614 2462 nostra,

71 2514 85 2558 '-
160 2504 311 2586 l'onloqui
335 2508 441 2570 autem
465 2504 632 2570 nobiscnm
657 2505 734 2569 talia
757 2507 861 2589 cupio,
882 2507 908 2569 si
929 2506 1110 2591 dignemini,
1130 2507 1255 2575 litteris.

122 2612 218 2692 qualia
245 2611 393 2693 conloqui
420 2630 599 2693 possemus,
628 2612 655 2675 si
684 2631 789 2676 coram
817 2612 934 2677 uestris
958 2614 1108 2678 sensibus
1133 2615 1256 2679 adesse-

86 2737 192 2783 emus.
225 2736 298 2782 ecce
326 2718 414 2782 illam
444 2718 729 2801 quaestiunculam,
763 2738 856 2800 quam
890 2738 989 2803 nuper
1019 2738 1254 2803 proposueram,

121 2827 271 2907 tamquam
297 2823 325 2889 si
347 2843 497 2907 praesens
519 2825 677 2906 praesenti
700 2825 782 2889 inter
805 2825 914 2889 dulces
932 2826 1076 2909 loquelas
1096 2827 1254 2893 obderem.

122 2930 202 3009 plane
235 2930 412 2995 Christiano
445 2929 608 2995 intellectu
643 2933 675 2994 et
707 2931 876 2995 deuotione
909 2931 1036 2996 soluisti
1068 2932 1124 2997 sed
1161 2933 1254 2999 nimis

123 3038 228 3101 cursim
258 3040 291 3101 et
322 3037 469 3101 breuiter.
507 3040 617 3118 posset
650 3040 766 3119 quippe
798 3038 843 3101 ibi
876 3038 1036 3120 aliquanto
1070 3038 1190 3103 diutins
1224 3044 1256 3103 et

202 3302 232 3354 15
250 3300 295 3353 Ps.
314 3301 358 3357 24.
378 3301 411 3353 18

155 3423 279 3493 talique,
298 3427 364 3476 nn2
382 3424 488 3493 aliquot
506 3424 533 3476 P
551 3423 659 3491 aliquod
679 3423 709 3476 F
791 3428 955 3477 moraturum
970 3424 1068 3491 sirm
1158 3427 1253 3495 ipro·

122 3508 217 3565 dianam
235 3512 288 3565 Fa
361 3514 554 3582 professionem
572 3514 601 3566 P
666 3516 808 3582 3possem
829 3516 854 3579 (e
873 3530 907 3567 ea
925 3528 993 3568 corr.
1013 3530 1046 3565 m.
1057 3514 1082 3583 1)
1101 3514 1128 3566 P
1193 3516 1254 3568 4ei

123 3616 166 3653 orii.
184 3600 208 3654 R
226 3604 250 3655 ei
268 3604 288 3666 (i
308 3618 343 3655 ec
361 3608 430 3668 ras)
448 3604 476 3655 P
537 3605 553 3656 5
572 3602 646 3656 illico
665 3603 732 3657 haec
751 3602 812 3657 edd.
866 3604 883 3656 6
903 3605 984 3671 atque
1003 3602 1138 3656 mittenda
1157 3620 1208 3657 orn.
1228 3606 1253 3656 A

152 3707 190 3742 me
206 3708 247 3744 om
274 3692 301 3745 P
398 3690 415 3743 8
433 3691 535 3745 theasii
552 3692 632 3761 (corr.
650 3697 711 3745 m.1
729 3690 877 3754 theodosii)
898 3694 926 3745 et
944 3690 1033 3745 euodii
1053 3691 1089 3743 Ρι
1107 3692 1207 3745 theasii
1227 3698 1255 3746 et

123 3780 202 3833 enodii
217 3782 307 3835 Rern
326 3781 450 3835 Therasii
470 3786 497 3833 et
514 3780 614 3835 Euodii
632 3787 691 3836 cett.
710 3780 770 3836 edd.
843 3783 935 3833 uestra
948 3780 985 3833 P¹
1035 3782 1051 3833 9
1071 3780 1173 3849 oribus]
1195 3798 1253 3835 ora-

123 3870 230 3923 tionibus
248 3871 308 3924 edd.
324 3876 471 3939 praeterea
522 3870 555 3925 10
573 3871 627 3923 iam
641 3887 692 3924 om.
707 3870 762 3924 Fa
836 3874 917 3939 atque
937 3872 961 3938 (t
978 3870 1008 3922 iac
1027 3885 1098 3928 ras.,·
1115 3870 1172 3936 ficit
1185 3870 1213 3936 d)
1229 3871 1256 3923 P

123 3957 200 4026 adque
216 3958 245 4012 F
306 3961 336 4012 ll
357 3959 500 4013 scriberem
510 3977 537 4012 m
609 3960 691 4013 etiam
710 3959 748 4011 P¹
767 3959 826 4014 edd.
900 3959 1066 4012 unianimum
1084 3960 1111 4011 P
1175 3960 1208 4013 12
1227 3986 1255 4011 a*

123 4052 158 4097 rte
174 4050 249 4117 erce.)
267 4049 451 4118 tbegastensis
469 4049 498 4101 P
547 4049 580 4101 13
598 4049 679 4102 aliam
700 4054 784 4116 (preat.
804 4065 820 4101 a
838 4048 869 4101 ia
883 4064 939 4101 ras.
958 4066 992 4101 an.
1004 4052 1027 4105 11
1047 4046 1077 4099 F
1125 4048 1157 4101 lb
1170 4051 1216 4100 uta
1229 4048 1256 4101 P

154 4134 222 4202 deus,
239 4154 306 4193 corr.
324 4142 385 4191 m.1
404 4136 528 4190 dominus
546 4136 577 4190 F
592 4136 657 4190 deus
676 4136 741 4190 P¹R
759 4136 819 4190 aaa.
886 4138 917 4190 17
938 4153 1019 4206 pecca
1037 4136 1067 4189 F
1111 4136 1144 4189 18
1163 4135 1253 4189 nobis-

124 4238 177 4274 cum
194 4225 219 4277 P
291 4228 314 4279 si
333 4225 484 4295 dignemini
501 4226 602 4279 litteris
621 4227 689 4279 talia
708 4227 786 4294 cupio
805 4225 841 4278 Ρ1
922 4225 998 4294 copio
1017 4226 1044 4277 A
1117 4226 1139 4277 si
1159 4242 1210 4278 om.
1229 4224 1256 4277 P

124 4311 155 4363 ‘lb
172 4315 393 4381 questisnnenlam
413 4318 440 4375 (a
458 4332 491 4368 ex
510 4331 579 4369 corr.
597 4332 632 4369 m.
643 4319 669 4381 1)
688 4316 715 4367 P
785 4316 817 4367 21
838 4314 861 4367 si
880 4330 931 4368 om.
950 4314 978 4367 P
1053 4315 1087 4367 23
1106 4316 1203 4367 cursim
1223 4331 1255 4367 ea·

126 4418 183 4456 roa.
195 4403 250 4468 satit
267 4420 371 4458 cursum
392 4403 422 4456 F
490 4404 529 4457 ibi
547 4420 598 4458 om.
618 4403 709 4457 ΓΑΡ1
730 4404 772 4468 (iao
790 4404 846 4469 litte
863 4408 902 4467 aa.)
