3092 5217
310 488 375 551 626
670 486 696 538 S.
725 484 863 538 Aureli
893 486 1109 554 Augustini

311 681 367 745 sed
398 680 493 745 multi
525 699 582 745 nec
615 699 728 743 nomen
768 700 863 745 nosse
898 684 1092 763 potuerunt?
1128 700 1189 747 uon
1223 684 1450 747 communicant

310 788 451 870 peccatis
470 786 593 863 alienis,
618 787 673 870 qui
696 790 861 869 peccatum
887 787 1071 853 Maximiani
1094 808 1156 853 non
1180 788 1285 853 solum
1310 791 1449 867 scierunt,
1523 798 1524 839 ῑ

312 894 367 959 sed
395 894 490 957 otiam
515 896 623 958 contra
645 894 842 957 Primianum
870 894 1003 958 leuando
1029 900 1201 971 erexerunt,
1231 901 1264 960 et
1287 898 1451 961 communi·

311 1003 386 1064 cant
411 999 550 1082 peccatis
579 998 701 1077 alienis,
726 1000 781 1082 qui
806 999 1019 1065 Caecilianum
1047 1001 1232 1084 episcopum
1255 1003 1376 1066 factum
1404 1006 1452 1066 ant

311 1108 343 1171 iu
366 1105 549 1190 longinquis
578 1106 727 1189 gentibus
750 1106 935 1171 nescierunt
958 1109 1014 1171 aut
1036 1108 1068 1171 in
1091 1108 1370 1191 propinquioribus
1394 1112 1451 1172 tan-
1476 1136 1487 1175 s
1524 1094 1525 1125 ³

311 1218 383 1279 tum
413 1214 508 1277 modo
537 1212 706 1277 audierunt
733 1216 790 1278 aut
821 1213 852 1277 in
885 1214 956 1296 ipsa
982 1214 1089 1278 Africa
1120 1214 1240 1279 iactum
1274 1216 1453 1298 simpliciter

313 1324 346 1387 et
370 1320 501 1403 pacifice
525 1323 744 1403 cognouerunt
771 1323 828 1385 aut
855 1319 886 1383 in
915 1320 984 1401 ipsa
1009 1320 1199 1405 Carthagine
1228 1326 1340 1387 eontra
1366 1322 1453 1385 nemi·

313 1448 384 1493 nem
401 1475 607 1493 .........
622 1426 686 1491 iam
706 1426 819 1503 iuerat,
843 1428 1045 1491 leuauerunt!
1071 1447 1220 1493 naccum
1244 1430 1314 1493 iure
1334 1447 1453 1493 concur-

313 1534 434 1611 rebant,
453 1534 508 1617 qui
528 1533 805 1598 communicabant
827 1533 866 1610 ei,
891 1533 929 1597 de
954 1553 1015 1616 quo
1040 1534 1119 1599 dicit
1140 1535 1350 1599 Nummasius
1369 1534 1454 1599 aduo-
1526 1599 1527 1649 1

315 1645 405 1707 catus
433 1640 568 1723 loquens
595 1657 651 1723 pro
680 1643 845 1722 praesente
869 1640 1030 1705 Restituto
1059 1642 1207 1723 episcopo
1235 1645 1355 1719 uestro,
1378 1642 1454 1723 quod
1469 1668 1489 1707 o
1526 1652 1527 1673 ³

314 1754 381 1831 ‘per
399 1748 561 1813 occultum
585 1746 742 1830 sacrilegii
766 1746 995 1830 propemodum
1015 1748 1135 1812 furtum
1155 1748 1347 1831 episcopalis
1366 1749 1454 1811 norni-

314 1855 363 1921 nis
386 1854 542 1918 inuraserit
563 1853 797 1935 principatum,
821 1872 878 1917 nec
903 1872 974 1917 cum
1000 1854 1142 1918 adultero
1171 1854 1349 1937 portionem
1373 1874 1455 1921 suam
1527 1933 1528 1955 χ

315 1962 481 2046 ponebant,
509 1961 563 2043 qui
591 1960 869 2025 communicabant
896 1961 1040 2024 ueritatis
1069 1960 1223 2037 adultero,
1251 1979 1309 2025 nec
1338 1960 1454 2025 modico
1527 1970 1528 1997 1

315 2070 470 2135 fermento
497 2069 567 2131 tota
589 2086 698 2130 eorum
726 2084 834 2129 massa
857 2066 1127 2149 corrumpebatur,
1156 2067 1284 2131 cumei
1311 2066 1454 2141 fauereut,

316 2195 388 2241 cum
424 2175 457 2237 in
489 2174 558 2238 eius
595 2178 683 2255 parte
720 2192 781 2237 non
815 2173 907 2256 quasi
945 2174 1120 2239 nescientes
1154 2194 1172 2237 a
1203 2174 1297 2238 uobis
1330 2172 1490 2257 praecisis

316 2286 522 2357 remanerent,
551 2280 608 2345 sed
631 2302 650 2345 a
672 2280 766 2345 uobis
790 2283 899 2345 contra
922 2300 981 2345 uos
1005 2280 1245 2363 praecidendam
1270 2280 1456 2363 erigendam·
1528 2284 1529 2297 ,

318 2408 379 2471 que
408 2391 567 2461 curarent;
601 2386 713 2451 deinde
741 2407 800 2452 uos
829 2388 901 2470 ipsi,
931 2388 1014 2470 quod
1043 2407 1097 2452 eos
1126 2386 1165 2451 ad
1192 2386 1387 2451 redeundum
1415 2385 1455 2449 sic

316 2495 490 2571 incitastis,
515 2498 552 2557 ut
578 2494 768 2559 Maximiano
793 2497 881 2557 tanta
905 2495 1056 2559 socictate
1080 2494 1267 2559 coniunctos
1291 2492 1455 2575 impollutos

319 2622 337 2665 a
364 2600 522 2685 sacrilegii
554 2600 682 2665 surculo
710 2601 868 2675 diceretis,
902 2601 986 2682 quod
1014 2600 1250 2665 Praetextatum
1280 2600 1456 2682 quoquest
1529 2599 1530 2663 i

318 2709 514 2773 Felicianum
539 2707 638 2771 saluis
662 2726 771 2771 eorum
795 2706 968 2771 honoribus
992 2707 1191 2791 suscepistis,
1214 2706 1300 2790 quod
1322 2725 1393 2770 cum
1415 2704 1455 2767 eis
1470 2730 1492 2769 so

318 2816 449 2899 pacifice
490 2813 699 2891 concordatis,
742 2814 826 2895 quod
868 2814 1025 2896 hodieque
1061 2813 1257 2877 Felicionem
1299 2812 1457 2876 uobiscum

321 2921 535 2987 considentem
559 2920 688 2997 uidetis,
715 2920 802 2984 nulla
822 2920 1042 2985 communione
1064 2923 1269 3001 peccatorum
1292 2920 1456 2983 alienorum

320 3027 482 3094 maculati.
505 3026 593 3090 nullo
613 3030 761 3090 contactu
785 3026 992 3090 inmunditiae
1017 3026 1221 3108 coinquinati,
1246 3026 1364 3090 nullius
1388 3023 1457 3087 estis

320 3134 532 3218 malignitatis
565 3132 718 3196 fermento
752 3132 902 3215 corrupti,
935 3136 968 3196 et
996 3133 1062 3196 orbi
1092 3132 1271 3197 Christiano
1304 3152 1358 3215 per
1388 3131 1457 3193 haee

320 3240 505 3305 testimonia
527 3237 665 3303 alienum
689 3239 806 3303 crimen
831 3238 976 3315 obicitur,
1006 3239 1138 3303 unitatis
1162 3238 1279 3303 diuisio
1304 3258 1322 3303 a
1344 3254 1457 3319 separa·
1472 3260 1494 3300 a

321 3349 407 3412 tione
439 3348 566 3410 funesta
594 3345 781 3425 defenditur,
815 3364 833 3409 a
863 3346 1005 3428 praeciso
1039 3365 1125 3409 ramo
1154 3349 1317 3428 tamquam
1344 3344 1458 3407 inmun-

322 3455 382 3518 dus
404 3472 520 3526 ramus,
545 3452 599 3534 qui
622 3451 655 3514 in
678 3471 771 3515 uerae
795 3451 904 3515 matris
927 3452 1032 3515 radice
1056 3452 1217 3529 manserit,
1241 3452 1418 3516 accusatur!

412 3765 440 3829 8;
464 3766 496 3819 12
515 3764 559 3819 Ps.
578 3766 622 3829 49,
643 3764 676 3817 18
732 3764 765 3817 13
785 3764 798 3817 Ι
819 3762 878 3819 Cor.
899 3768 923 3828 5,
944 3767 960 3819 6

359 3946 375 3999 3
394 3947 423 3996 et
445 3942 470 3997 V
487 3943 547 3996 edd.
672 3942 773 3996 luendo
793 3942 871 3997 codd.
892 3943 924 3997 le
943 3949 968 3997 et
987 3943 1054 4000 add.
1073 3944 1233 3997 coniectura
1251 3940 1364 3997 leuando
1383 3958 1410 3997 r:
1427 3940 1458 4007 cf.

323 4036 400 4085 aa&
485 4032 710 4086 ⁴icoooilianum
739 4031 795 4085 VU
882 4031 1086 4100 blonginquos
1120 4030 1174 4085 VU
1253 4032 1346 4085 8ism
1377 4028 1459 4081 iuerat

323 4137 374 4175 om.
404 4119 460 4173 VU
479 4119 554 4186 cdd.,·
579 4120 709 4175 lamonem
731 4120 894 4189 &proficisci
976 4122 1008 4174 12
1032 4121 1152 4174 euaserit
1175 4120 1295 4174 VUlar
1359 4119 1390 4171 14
1408 4117 1458 4170 iru-

324 4212 417 4263 mento
442 4208 469 4262 U
531 4210 563 4263 16
582 4226 631 4263 nos
651 4226 702 4263 om.
727 4210 784 4263 VU
799 4210 859 4263 edd.
926 4210 957 4265 17
978 4208 1062 4280 quod]
1083 4210 1130 4279 qui
1155 4209 1285 4263 VUedd.
1348 4208 1457 4261 21101-

325 4298 442 4351 sordetis
461 4298 539 4352 codd.
559 4298 627 4351 ism
700 4297 910 4365 quod—uidetis
929 4298 1030 4353 om.U
1100 4300 1135 4351 22
1155 4297 1340 4352 consedentem
1364 4296 1458 4349 Vtere

325 4387 360 4438 25
379 4402 396 4439 a
414 4386 595 4455 separatione]
616 4388 644 4439 et
663 4385 798 4455 separatio
819 4385 846 4438 P
899 4387 932 4439 26
952 4386 1091 4455 praecioso
1115 4386 1142 4441 U
