3092 5217
542 523 812 593 epistularum
840 523 918 580 CXX.
1242 529 1304 594 717

158 722 249 797 teret,
283 719 367 802 quod
400 719 439 783 de
476 720 531 784 illo
569 719 724 804 scriptum
757 725 815 798 est,
850 721 924 804 quia
957 720 1110 786 caelum
1143 735 1303 788 mensus

158 830 221 890 est
242 827 375 908 palmo
395 829 434 891 et
456 830 603 891 terram
625 827 797 911 pugillo.
822 828 893 910 quis
914 827 996 892 enim
1017 828 1127 893 sedeat
1150 829 1181 893 in
1201 829 1304 912 spatio

156 933 255 1016 palmi
274 933 324 998 sui
344 933 448 998 autin
468 937 555 998 tanto
574 933 644 998 loco
663 934 760 1016 pedes
784 937 890 1017 ponat,
913 937 1065 1016 quantum
1085 935 1154 1000 eius
1177 955 1304 1020 pugnus

157 1039 383 1121 adprehendit?
406 1040 469 1104 nisi
491 1041 572 1105 forte
594 1040 626 1104 iu
645 1043 771 1105 tantum
791 1061 862 1106 earo
883 1059 965 1106 uana
987 1042 1196 1126 progreditur,
1220 1043 1257 1106 ut
1276 1045 1304 1107 ei

124 1168 137 1206 a
156 1166 269 1229 parum
293 1148 337 1212 sit
357 1149 495 1212 humana
517 1149 659 1213 membra
682 1148 880 1213 substantiae
900 1149 949 1213 dei
968 1149 1117 1228 tribuere,
1142 1149 1170 1214 si
1189 1167 1226 1213 ea
1243 1167 1304 1214 non

157 1255 253 1318 etiam
281 1257 483 1320 monstmosa
511 1253 678 1340 confingat,
711 1255 767 1319 ubi
799 1257 926 1337 palmus
953 1254 1073 1319 lumbis
1101 1258 1134 1319 et
1160 1255 1304 1338 pugillus

156 1361 274 1444 plantis
301 1360 455 1425 ambabus
479 1359 722 1444 coniunctisque
750 1361 794 1426 sit
819 1361 924 1426 latior.
953 1361 1009 1426 sed
1036 1361 1114 1425 haec
1146 1361 1303 1438 dicuntur,

155 1471 203 1542 ut,
223 1486 296 1531 enm
316 1466 377 1530 sibi
394 1485 455 1531 non
475 1468 678 1546 conueniunt,
698 1488 779 1550 quae
798 1469 963 1533 carnaliter
981 1467 1139 1546 audimur,
1160 1468 1205 1532 eis
1225 1468 1304 1550 ipsis

155 1574 310 1639 admoniti
331 1573 534 1638 ineffabiliter
556 1574 711 1657 spiritalia
734 1575 925 1658 cogitemus.

61 1678 137 1739 1510
202 1679 292 1746 Unde
316 1681 412 1744 etiam
441 1681 468 1744 si
492 1700 607 1764 corpus
632 1681 761 1760 domini,
786 1682 872 1763 quod
896 1680 934 1745 do
962 1682 1108 1764 sepulcro
1133 1680 1302 1745 excitatum

155 1787 279 1851 leuauit
309 1788 340 1851 in
370 1786 504 1865 caelum,
537 1807 598 1852 non
630 1787 692 1852 nisi
718 1787 750 1852 in
786 1788 891 1872 specie
923 1787 1063 1852 humana
1089 1786 1303 1869 membrisque

156 1893 346 1976 cogitamus,
375 1898 565 1959 nontamen
592 1895 639 1958 ita
665 1895 843 1976 putandum
867 1899 917 1960 est
945 1894 1054 1959 sedere
1082 1893 1121 1958 ad
1145 1894 1302 1958 dexteram

154 2000 265 2082 patris,
288 2002 327 2064 ut
344 2000 373 2064 ei
396 2004 487 2082 pater
504 1999 544 2063 ad
567 2001 729 2064 sinistram
753 2000 861 2065 sedere
881 2000 1037 2064 uideatur.
1061 1999 1093 2063 in
1111 1999 1168 2064 illa
1186 1999 1303 2082 quippe

154 2106 361 2182 beatitudine,
386 2126 466 2190 quae
489 2126 613 2171 omnem
642 2110 771 2190 superat
800 2107 973 2172 humanum
996 2106 1206 2184 intellectum,
1236 2105 1304 2170 sola

109 2235 136 2274 1⁵
155 2213 283 2278 dextera
301 2219 351 2277 est
374 2216 406 2277 et
429 2213 538 2278 eadem
561 2214 688 2277 dextera
711 2213 854 2278 eiusdem
878 2212 1084 2277 beatitudinis
1107 2230 1220 2276 nomen
1244 2215 1302 2276 est.

154 2320 285 2403 proinde
304 2338 362 2384 nec
384 2319 475 2397 illud,
496 2319 580 2401 quod
599 2323 673 2402 post
689 2320 952 2384 resurrectionem
973 2337 1063 2382 suam
1079 2319 1156 2382 dixit
1169 2318 1303 2383 Mariae:

154 2426 250 2491 Noli
273 2446 331 2492 me
354 2429 532 2511 tangere,
556 2426 726 2492 nondum
749 2425 853 2490 enim
876 2424 1043 2489 ascendi
1067 2424 1111 2488 ad
1136 2427 1301 2508 patrem,

153 2545 221 2598 tam
245 2533 380 2598 absurde
398 2532 616 2616 accipiendum
637 2535 696 2610 est,
721 2536 758 2596 ut
777 2532 981 2596 aestimemus
1001 2549 1085 2608 eum,
1105 2549 1177 2595 oum
1197 2549 1303 2595 ascen-

155 2642 265 2717 disset,
289 2641 432 2705 uoluisse
456 2660 474 2704 a
495 2639 621 2704 feminis
645 2640 743 2722 tangi,
767 2638 821 2721 qui
846 2656 879 2701 se
904 2637 1095 2720 tangendum
1119 2637 1197 2702 uiris
1221 2641 1302 2714 ante,

107 2769 135 2807 ro
155 2767 250 2830 quam
274 2746 467 2825 ascenderet,
492 2745 646 2828 praebuit.
672 2744 727 2809 sed
746 2745 865 2808 Mariae
887 2745 1040 2826 profecto,
1064 2745 1097 2809 in
1116 2763 1179 2826 qua
1201 2743 1302 2829 figura

155 2854 290 2919 ecclesia
317 2858 376 2931 est,
404 2853 530 2936 quando
556 2852 638 2917 illud
666 2851 754 2927 dixit,
788 2852 931 2936 intellegi
959 2851 1064 2915 uoluit
1090 2854 1167 2916 tnnc
1195 2869 1302 2916 aseen-

155 2961 241 3026 disse
270 2961 309 3025 ad
335 2966 467 3042 patrem,
491 2979 565 3025 cum
591 2960 684 3023 illum
707 2959 790 3040 patri
818 2958 969 3042 cognouit
996 2959 1159 3040 aequalem
1187 2962 1218 3022 et
1245 2959 1302 3023 tali

154 3067 217 3132 fide
252 3067 344 3131 illum
381 3067 551 3132 salubriter
581 3066 699 3150 tetigit,
736 3085 785 3142 ne,
824 3065 852 3129 si
889 3065 949 3129 hoo
986 3063 1090 3128 solum
1125 3083 1197 3129 eum
1231 3083 1301 3129 esse

155 3175 305 3251 crederet,
339 3174 423 3256 quod
450 3175 483 3238 in
512 3193 603 3239 carne
636 3176 834 3256 apparuerat,
868 3191 928 3236 non
961 3173 1040 3236 bene
1068 3173 1221 3254 tangeret.
1255 3171 1302 3235 sic

104 3305 133 3346 aa
153 3301 228 3346 eum
250 3281 406 3347 Photinus
433 3281 610 3345 haereticus
638 3281 757 3364 tetigit,
786 3280 840 3361 qui
868 3278 1028 3343 hominem
1056 3279 1180 3341 tantum
1208 3276 1301 3342 modo

154 3389 316 3454 Christum
342 3388 484 3453 credidit.

245 3638 257 3690 l
278 3636 322 3690 Es.
342 3635 386 3696 40,
407 3635 440 3688 12
496 3633 529 3686 12
547 3633 630 3686 Marc.
652 3631 693 3698 16,
714 3631 746 3684 19
806 3631 836 3683 17
857 3628 915 3683 Ioh.
935 3628 978 3690 20,
1000 3629 1031 3680 17

191 3811 277 3880 lest]
298 3814 340 3863 est
358 3813 451 3878 potest
472 3807 525 3861 OT
540 3806 600 3863 edd.
663 3808 707 3874 qui
726 3807 755 3858 P
771 3805 832 3860 edd.
872 3801 1073 3858 23313337Ὶ
1108 3799 1302 3868 3133330311

150 3908 181 3972 pl
201 3900 228 3953 B
298 3902 406 3951 tuane
424 3896 531 3952 caroO
602 3897 750 3964 dparnum
773 3893 808 3946 ’.Ρ1
885 3891 1016 3961 lpahnis
1036 3889 1165 3944 ambabus
1187 3887 1285 3942 OPTi
1293 3886 1302 3920 ¹

148 3989 282 4043 ambabus
300 3987 398 4057 palmis
416 3987 476 4040 edd.
568 4002 619 4055 que
637 4001 690 4038 om.
709 3983 769 4037 edd.
862 3981 938 4036 fito
1009 3978 1139 4033 8audilm
1154 3993 1213 4030 mna
1233 3980 1300 4044 (ras.

148 4078 270 4140 1-21.)
290 4077 318 4130 Β
361 4077 391 4130 11
411 4077 464 4128 nisi
482 4075 521 4144 in]
540 4075 594 4128 nisi
612 4073 727 4127 ΟΡΥΤ1
746 4071 806 4126 edd.
871 4069 990 4124 humana
1008 4067 1144 4138 specieT
1185 4066 1217 4119 12
1238 4064 1300 4119 der·

148 4173 221 4222 tram
243 4166 269 4220 T
323 4166 356 4220 13
374 4165 468 4218 sedere
487 4162 695 4230 (sedeinras,
714 4179 742 4215 re
760 4178 782 4215 a.
801 4165 841 4226 a.)
861 4160 888 4213 P
958 4159 1017 4228 ille]
1037 4157 1086 4210 hac
1110 4154 1144 4208 T¹
1200 4156 1232 4208 15
1251 4169 1300 4206 no-

147 4258 243 4310 minum
263 4253 676 4323 (Μελ-2113233333
695 4251 722 4304 B
805 4251 837 4302 17
857 4252 961 4320 patrem
979 4263 1068 4300 meum
1087 4243 1152 4298 ΡΤ1
1170 4242 1230 4297 edd.
1249 4257 1299 4296 aec.

154 4345 234 4414 Vulp.
322 4343 355 4397 18
375 4343 558 4396 existimemus
577 4340 637 4395 edd.
728 4340 767 4416 211
782 4339 902 4408 figurata
922 4334 1038 4392 ΟΡΤΤ1
1058 4333 1118 4388 edd.
1205 4332 1238 4386 21
1260 4335 1302 4385 est

149 4433 266 4487 eeclesia
288 4432 313 4485 T
366 4432 400 4485 26
419 4431 557 4486 Christum
576 4445 628 4484 om.
651 4427 728 4482 OPT
745 4428 807 4482 edd.
