3092 5217
325 554 389 618 516
689 550 715 604 S.
744 550 882 604 Aureli
908 551 1126 620 Augustini

281 743 300 806 3
369 744 419 810 ild
442 745 501 811 hoo
529 749 622 810 tuum
649 745 838 829 suffragium
865 746 1004 830 petimus
1032 747 1194 829 impertire
1222 747 1460 834 dignerisque

326 851 369 929 id,
402 851 486 934 quod
517 851 619 934 primo
651 852 856 934 impetratum
887 855 946 931 est,
984 851 1088 918 noluit
1120 853 1266 939 allegare,
1291 874 1330 919 ne
1360 855 1459 920 iterum

327 959 525 1042 supplicandi
558 959 619 1024 sihi
652 959 878 1024 intercluderet
909 960 1108 1033 facultatem
1141 979 1202 1026 uon
1230 961 1315 1024 euim
1344 966 1406 1026 erat
1429 963 1462 1026 ud
1518 1028 1519 1033 ,

327 1065 504 1130 desiderata
530 1085 726 1148 responsum.
756 1085 840 1130 nunc
863 1084 938 1130 uero
963 1085 1037 1131 cum
1064 1067 1110 1130 sis
1133 1066 1243 1132 eodem
1270 1068 1461 1152 benignitate,
1518 1052 1519 1055 ¹

326 1191 389 1254 qua
417 1172 512 1249 soles,
541 1171 598 1237 sed
625 1171 759 1254 amplior
786 1175 955 1256 potestate,
983 1192 1045 1238 nou
1072 1173 1277 1258 desperamus
1305 1173 1494 1239 adiuuantes

328 1279 453 1344 domino
481 1278 603 1344 meritis
627 1279 692 1344 tuis
720 1279 781 1344 hoc
809 1279 902 1344 facile
930 1299 1025 1362 posse
1048 1279 1188 1358 concedi,
1216 1300 1302 1358 cum,
1329 1281 1463 1346 etiamsi

327 1390 383 1451 tuo
412 1384 536 1450 nomine
565 1384 673 1451 eadem
703 1386 774 1451 loca
801 1389 925 1469 peteres
954 1389 987 1450 et
1013 1390 1206 1452 memoratae
1228 1387 1382 1453 ecclesiae
1406 1389 1463 1471 ipse

328 1493 470 1570 (lunares,
500 1493 572 1576 quis
595 1492 840 1576 reprehenderet
862 1497 918 1559 aut
941 1494 1013 1574 quis
1037 1513 1098 1558 nou
1121 1494 1257 1559 maxime
1284 1495 1464 1576 praedicaret
1519 1546 1520 1557 ,

327 1599 511 1682 petitionem
535 1602 623 1664 tuam
643 1618 704 1664 non
723 1603 863 1664 terrenae
882 1599 1050 1682 cupiditati
1073 1600 1130 1666 sed
1149 1601 1344 1667 thistianae
1366 1603 1464 1685 pietati

328 1705 540 1770 seruientem?
582 1704 701 1770 domiui
739 1705 791 1770 dei
826 1705 927 1772 nostri
964 1705 1182 1771 misericordia
1216 1712 1249 1772 te
1285 1707 1318 1772 in
1351 1707 1462 1774 (limato
1477 1729 1496 1764 o

327 1812 499 1877 feliciorem
522 1814 658 1885 tueatur,
683 1811 808 1877 domine
831 1812 888 1879 fili.

841 2007 968 2072 XCVII.

329 2145 474 2201 DOMINO
499 2145 629 2200 EXIMIO
653 2145 699 2201 ΕΤ
722 2145 861 2201 uuordo
887 2143 1225 2200 PRAESTANTISSIMO
1250 2144 1461 2209 nullomodo

328 2233 369 2288 IN
389 2233 533 2290 CHRISTI
552 2233 730 2290 CARITATE
748 2233 981 2289 HONORANDO
1003 2232 1102 2288 ulmo
1123 2233 1286 2289 OLYMPIO
1306 2233 1462 2288 AUGUSTI·

655 2323 725 2377 NUS
744 2322 786 2377 IN
805 2321 950 2377 DOMINO
971 2321 1147 2376 SALUTEM.
1476 2347 1495 2384 ιι

286 2449 302 2512 1
374 2447 528 2528 Quamuis
556 2467 638 2524 mox,
670 2455 708 2513 ut
736 2448 918 2512 audiuimus
946 2451 978 2512 te
1005 2448 1118 2512 merito
1152 2446 1370 2522 sublimatum,
1401 2465 1460 2511 cum

329 2557 399 2640 ipsa
434 2555 520 2621 fama
550 2555 690 2621 nondum
723 2555 903 2620 certissima
939 2554 1031 2620 nobis
1069 2558 1164 2634 esset,
1201 2553 1282 2620 nihil
1319 2554 1403 2618 aliud
1431 2553 1461 2616 de
1521 2612 1522 2635 ι

329 2663 432 2728 animo
456 2668 512 2726 tuo
537 2660 728 2727 credidimus
757 2680 832 2745 erga
860 2661 1027 2726 ecclesiam
1056 2661 1117 2738 dei,
1141 2660 1233 2726 cuius
1261 2663 1295 2725 te
1323 2660 1463 2724 ueraciter

329 2769 428 2834 lilium
455 2787 524 2833 esse
548 2768 734 2854 gandemus,
763 2787 859 2850 quam
882 2767 967 2850 quod
989 2768 1055 2832 tuis
1077 2768 1194 2832 litteris
1218 2786 1291 2833 mox
1314 2765 1463 2850 apemisti

330 2879 435 2940 temen
464 2875 559 2938 etiam
586 2874 651 2940 illis
680 2875 784 2955 lectis,
813 2873 929 2957 quibus
956 2875 1041 2941 ultro
1069 2873 1218 2959 dignatus
1246 2893 1292 2949 es,
1326 2873 1416 2938 etiam
1440 2871 1463 2934 si
1477 2895 1497 2933 ιι

329 2982 412 3067 pigri
435 2985 467 3048 et
490 2985 676 3047 cunctantes
701 3001 856 3060 essemus,
879 2982 1126 3048 exhortationem
1149 2979 1464 3046 beniuolentissimam

330 3090 465 3164 mittere,
494 3089 530 3151 ut
556 3087 732 3152 instruente
760 3087 941 3152 humilitate
965 3095 1073 3152 nostra
1099 3105 1155 3170 per
1175 3085 1359 3170 religiosam
1385 3083 1464 3147 oboe-

330 3195 480 3260 dientiam
499 3196 588 3259 tuam
607 3193 765 3272 dominus,
790 3195 883 3259 cuius
903 3213 1031 3258 munere
1055 3192 1129 3257 talis
1154 3211 1198 3268 es,
1224 3191 1377 3256 ecclesiae
1398 3207 1464 3253 suae

330 3304 394 3367 iam
421 3301 547 3382 iamque
576 3299 753 3381 conueniat,
778 3301 897 3364 maiore
924 3299 1042 3363 fiducia
1064 3298 1125 3362 tibi
1148 3298 1329 3375 scribimus,
1352 3295 1465 3362 domine

369 3565 380 3617 l
406 3563 540 3632 impertiri
563 3562 629 3618 P¹R
652 3563 786 3632 impartiri
809 3561 869 3615 edd.
894 3565 927 3616 ut
947 3560 1078 3630 inpertire
1104 3559 1132 3613 P
1220 3560 1237 3612 2
1260 3561 1417 3630 imperatum
1432 3557 1463 3610 P¹

368 3652 481 3721 alligare
495 3651 649 3705 ΜΡΑΟΡι
668 3651 743 3720 (Μ
761 3651 892 3718 allegare)
929 3647 1148 3718 ibeniguitate·
1162 3649 1201 3713 (m
1213 3651 1296 3715 crae.)
1311 3647 1339 3701 P
1371 3645 1465 3709 taulis,

331 3757 400 3796 corr.
421 3740 528 3808 (ndi)
548 3741 619 3794 soles
638 3739 668 3793 F
738 3739 786 3793 sed
806 3743 834 3793 et
852 3739 968 3808 amplior
986 3737 1024 3792 P¹
1079 3736 1174 3791 ilooo
1191 3735 1224 3790 F
1293 3732 1466 3790 mcmomtaP

330 3829 533 3884 &condonares
552 3831 580 3886 R
634 3831 777 3883 literreno
795 3828 834 3882 M
886 3827 1045 3898 cupiditate,
1063 3842 1132 3881 corr.
1154 3824 1262 3892 (nm)
1281 3824 1420 3895 cupiditati
1434 3821 1466 3874 ll

333 3919 366 3975 10
384 3918 582 3973 misericordiae
596 3918 624 3972 P

421 4061 499 4115 Idam
518 4061 630 4125 codices,
649 4061 746 4131 quiin
764 4077 804 4130 ep.
824 4059 932 4114 XCVI.

370 4205 401 4256 13
422 4207 449 4256 et
468 4203 574 4273 merito]
594 4203 723 4274 meritoq;
743 4203 779 4256 Ρ1
837 4204 869 4256 17
888 4202 968 4256 nobis
987 4201 1139 4255 certissima
1156 4199 1218 4254 edd.
1277 4198 1353 4252 nobis
1369 4211 1416 4250 ouo.
1432 4191 1464 4246 ll

368 4293 465 4356 essent,
485 4296 549 4348 nat>
568 4291 683 4344 essetG
760 4292 793 4344 18
813 4290 947 4345 credimus
965 4288 1120 4344 ΜΓΑΟΡι
1198 4288 1233 4342 20
1252 4285 1353 4355 nmen]
1371 4287 1421 4337 lam
1438 4277 1466 4332 F

368 4381 450 4434 etiam
469 4381 504 4450 si]
523 4381 575 4436 etsi
594 4382 621 4433 A
684 4381 716 4434 21
739 4381 867 4444 cttrntia,
886 4396 956 4434 corr,
977 4379 1084 4445 (mli)
1104 4381 1264 4432 cunctantes
1281 4377 1317 4430 Μ
1380 4373 1461 4425 hora·

331 4469 436 4523 tionem
456 4470 492 4522 Ρι
548 4471 582 4525 24
601 4471 655 4524 iam
674 4485 725 4526 om.
744 4470 808 4524 ΜΔ
879 4469 997 4539 iamque]
1017 4468 1070 4522 iam
1091 4465 1215 4537 quodM
