3092 5217
665 487 692 540 S
720 486 859 539 Aureli
886 487 1105 556 Augustini

800 681 974 746 LXXXIII.

362 820 508 875 DOMINO
528 820 747 875 Bunrlsslrro
767 820 813 875 ET
832 820 1125 877 VENERABILITER
1144 818 1334 876 clalssmo
1352 822 1391 879 dt*

308 908 663 963 DESIDERANTISSIIIO
689 909 824 963 FRATRI
852 909 897 964 XT
921 908 1145 966 COEPISGOPO
1169 909 1302 964 ALYPIO
1325 910 1366 965 ET
1386 912 1438 976 ull

308 997 431 1053 Tscuu
454 997 549 1053 SUNT
571 997 773 1053 FRATRIBUS
798 998 1030 1053 AUGUSTINUS
1056 998 1101 1053 ΕΤ
1125 997 1189 1064 Qt'l
1212 998 1338 1054 unctu
1361 1001 1438 1055 stur

593 1086 754 1141 usdraus
775 1087 815 1140 IN
834 1087 981 1143 DOMINO
1001 1088 1177 1142 SALUTEM.

266 1218 282 1276 1
352 1214 497 1279 TristitIa
523 1214 712 1279 Tbianensis
745 1214 900 1280 ecclesiae
929 1234 982 1279 cor
1010 1234 1116 1279 meum
1145 1214 1365 1296 conquiescere
1389 1236 1439 1281 nou

308 1321 475 1406 permittit,
513 1322 612 1386 donec
650 1340 704 1385 eoa
740 1324 848 1385 tecum
886 1320 1011 1385 audlam
1049 1323 1080 1385 iu
1116 1321 1285 1403 pristinum
1318 1322 1438 1386 animun

308 1428 486 1507 restitutos,
511 1428 594 1511 quod
618 1428 682 1492 olto
705 1427 887 1492 faciendum
912 1432 970 1493 ost.
1004 1428 1031 1492 si
1061 1428 1144 1492 euim
1173 1426 1212 1491 de
1241 1428 1362 1493 homine
1389 1449 1439 1493 uno

309 1538 434 1599 tantum
471 1534 590 1617 sategit
626 1534 790 1618 apostolus
828 1534 951 1599 dicens:
989 1533 1044 1599 Ne
1082 1536 1234 1599 maiore
1276 1535 1439 1599 trIstitia

310 1641 592 1716 absorbeatur,
630 1640 698 1723 qui
735 1642 824 1706 eius
858 1641 963 1707 modi
995 1646 1068 1719 est,
1103 1641 1157 1706 ubi
1190 1642 1286 1705 etiam
1317 1641 1372 1705 ait:
1400 1641 1476 1707 Ita

310 1767 385 1811 non
424 1747 712 1832 possideamur
744 1766 762 1810 a
796 1752 946 1824 satana,
980 1767 1053 1811 uon
1087 1748 1191 1812 enlm
1223 1748 1439 1832 ignoramus

309 1857 463 1918 mentes
488 1854 585 1932 eius,
610 1858 727 1936 quanto
751 1854 854 1938 magis
877 1873 935 1919 nos
960 1856 1084 1935 oportet
1106 1855 1280 1939 uigilanter
1298 1874 1393 1938 agere,
1411 1876 1440 1919 no

308 1964 369 2026 hoc
401 1961 433 2025 iu
465 1964 533 2027 toto
566 1980 662 2045 grege
694 1960 881 2045 plangamus
915 1964 947 2025 et
978 1961 1113 2025 maxime
1145 1962 1176 2025 in
1207 1962 1263 2041 eis,
1292 1962 1439 2045 quincue

311 2066 486 2132 catholicae
517 2067 588 2150 paci
622 2070 824 2133 accesserunt
856 2072 888 2131 et
920 2086 999 2150 quos
1032 2069 1119 2133 nullo
1151 2069 1246 2133 modo
1283 2068 1440 2151 relinquere

311 2193 453 2258 possum.
478 2174 533 2238 sed
557 2175 631 2256 quia
653 2174 807 2255 temporis
830 2192 891 2239 uon
917 2175 995 2239 siuit
1018 2175 1176 2259 angustia,
1201 2179 1238 2239 ut
1261 2174 1355 2239 simul
1380 2174 1439 2237 inde
1456 2202 1475 2237 a

310 2282 401 2346 nobie
434 2280 601 2365 diligenter
628 2280 833 2346 deliberatam
861 2282 971 2346 liceret
995 2282 1133 2365 eliquare
1157 2282 1354 2357 sententiam,
1377 2280 1439 2362 quid

310 2388 389 2451 mibi
412 2393 486 2470 post
508 2388 687 2471 digressum
711 2392 854 2452 nostrum
879 2386 933 2452 diu
957 2388 1111 2471 cogitanti
1132 2388 1298 2470 placuerIt,
1322 2386 1440 2469 accipiat
1511 2434 1512 2437 ,

312 2494 464 2563 sanctitas
491 2498 548 2559 tua
576 2498 616 2574 et,
646 2494 673 2560 si
701 2494 761 2560 tibi
784 2514 908 2577 quoque
931 2495 1046 2577 placet,
1068 2495 1134 2558 iam
1156 2494 1291 2573 litterae,
1316 2513 1387 2577 quas
1408 2492 1439 2555 ad
1511 2512 1512 2573 ς

313 2620 367 2665 eos
391 2602 552 2666 communi
573 2601 700 2666 nomine
724 2602 848 2684 scripsi,
874 2602 940 2667 sine
965 2602 1115 2667 dilatione
1138 2602 1315 2666 mittantur.

269 2708 288 2765 2
358 2707 483 2785 Dixisti,
516 2712 552 2774 ut
585 2708 751 2773 dimidium
786 2708 920 2773 habeant
949 2712 981 2773 et
1008 2708 1142 2772 alterum
1171 2708 1336 2772 dimidium
1364 2705 1402 2770 eis
1425 2724 1476 2771 aa

313 2836 364 2880 me
387 2815 606 2898 undecumque
630 2815 857 2897 prouideretur.
882 2834 940 2899 ego
965 2818 1071 2879 autern
1095 2818 1183 2898 puto,
1204 2814 1288 2896 quia,
1308 2814 1335 2878 si
1352 2816 1442 2877 totunr

314 2922 359 2985 eis
384 2922 568 2997 auferretur,
593 2926 689 2999 esset,
713 2922 797 3004 quod
822 2922 996 2986 diceremur
1018 2940 1080 2987 non
1104 2922 1142 2986 de
1165 2922 1300 3005 pecunia
1321 2940 1374 2985 uos
1394 2918 1443 2983 sed

314 3028 352 3091 de
380 3028 506 3093 iustitia
532 3031 696 3111 tantopere
724 3029 895 3093 laborasse.
929 3048 1001 3092 cum
1027 3048 1102 3093 uero
1127 3027 1294 3093 dimidium
1318 3028 1361 3093 eis
1381 3046 1443 3090 con·
1510 3014 1511 3100 l

314 3135 457 3199 cedimus
482 3140 515 3201 et
537 3155 573 3201 eo
597 3136 690 3201 modo
715 3155 788 3199 cum
813 3135 858 3199 eis
883 3154 993 3217 pacem
1018 3135 1206 3219 quandoque
1230 3134 1443 3216 componimus,

315 3241 392 3306 satis
421 3242 585 3326 apparebit
611 3246 751 3307 nostram
780 3261 888 3307 curam
913 3242 993 3305 nibil
1017 3241 1102 3305 aliud
1126 3258 1222 3324 quam
1247 3239 1477 3324 pecuniariama

404 3432 421 3484 9
438 3431 468 3485 II
486 3432 546 3487 Cor.
566 3434 591 3494 2,
611 3433 627 3485 7
684 3434 716 3487 10
735 3432 763 3485 Π
783 3432 842 3487 Cor.
864 3434 889 3497 2,
910 3433 941 3487 ll

532 3556 558 3609 T
582 3581 616 3601 =
635 3556 695 3611 cod.
718 3556 860 3609 Trecense's
882 3562 921 3610 40
938 3572 960 3609 s.
980 3554 1072 3609 XIII.

528 3646 560 3699 H
582 3670 616 3689 =
636 3645 694 3700 cod.
713 3645 790 3699 Mus.
809 3646 882 3701 Brit.
902 3645 988 3702 Harl.
1010 3648 1087 3697 3107
1103 3661 1126 3701 a.
1145 3644 1239 3698 XIII.

526 3736 554 3789 R
579 3759 612 3779 =
632 3734 691 3788 cod.
715 3734 870 3789 Vaticanus
891 3736 950 3787 494
969 3750 990 3786 a.
1011 3733 1098 3787 XIII
1114 3748 1154 3787 ec.

534 3824 557 3873 V
582 3849 615 3868 =
634 3824 692 3877 cod.
717 3823 873 3876 Vaticanus
894 3824 953 3875 495
971 3839 991 3875 s.
1013 3822 1078 3875 XV.

533 3912 561 3965 U
580 3936 614 3957 ε
633 3912 691 3966 cod.
717 3911 872 3965 Vaticanus
892 3914 952 3964 499
969 3928 990 3965 s.
1010 3910 1077 3965 XV.

352 4039 367 4089 5
386 4035 482 4090 fratres
501 4051 552 4088 orn.
571 4034 599 4087 R
653 4036 669 4089 6
688 4035 839 4088 thianensis
863 4034 916 4088 VU
933 4035 993 4089 edd.
1009 4040 1158 4103 praemon
1222 4036 1255 4089 ll
1275 4032 1449 4105 possideantur

316 4124 375 4178 rra
396 4131 475 4190 (corr.
495 4127 554 4177 nal
572 4123 768 4193 possideamur)
840 4124 872 4177 12
890 4140 939 4176 noa
959 4141 992 4177 ex
1010 4140 1059 4177 uos
1083 4123 1109 4177 V
1175 4120 1441 4193 maurataneae
1508 4106 1509 4125 ¹

311 4220 460 4281 praeterea
502 4215 535 4266 15
554 4212 621 4265 sinit
645 4212 698 4266 Π]
750 4213 827 4265 nobis
847 4212 910 4265 inde
929 4213 989 4267 cdd.
1032 4213 1173 4282 Idume]
1194 4212 1306 4266 anteT
1344 4212 1373 4264 21
1392 4215 1449 4279 puto

317 4320 345 4355 ru
363 4305 393 4355 in
412 4319 467 4356 ras.
488 4319 520 4356 ra.
532 4307 556 4369 1)
579 4301 605 4355 T
661 4304 695 4355 22
714 4302 852 4355 auferetur
872 4304 951 4369 qsicl)
971 4320 1005 4357 ex
1023 4303 1211 4373 prouidcrctur
1234 4302 1261 4355 U
1318 4304 1352 4356 24
1367 4316 1449 4372 pacem

315 4408 405 4445 onam
