3092 5217
513 508 776 576 epistularum
806 507 885 564 CXX.
1208 515 1271 580 719

124 702 155 762 et
191 699 278 764 filius
315 704 346 765 et
383 701 514 784 spiritus
552 705 682 766 sanctus
719 704 814 768 unius
852 704 1048 770 substantiae
1086 705 1142 770 sed
1178 707 1271 771 unius

123 805 315 885 diuninitatis,
344 827 424 890 quae
453 811 590 872 nonest
618 809 806 876 substantia.
841 811 988 896 agnoscis
1017 815 1123 876 autem
1151 811 1183 876 iu
1211 812 1272 876 fide

124 912 291 991 catholica,
320 914 468 996 quoniam
497 916 556 980 hoc
580 919 630 978 est
656 935 780 993 uerum,
809 918 868 980 hoo
893 936 962 982 esse
989 917 1159 994 firmatum,
1189 917 1272 1001 quod

123 1021 214 1102 pater
236 1023 269 1084 et
292 1020 376 1085 filius
397 1025 430 1084 et
452 1022 585 1105 spiritus
609 1027 739 1088 sauctus
762 1022 844 1100 idco,
869 1041 941 1088 cum
965 1023 1008 1088 sit
1030 1025 1166 1102 trinitas,
1190 1044 1272 1089 unus

96 1149 108 1186 a
126 1129 175 1191 est
189 1126 278 1204 denus,
295 1129 380 1209 quod
398 1128 649 1212 inseparabiliter
667 1130 732 1194 siut
745 1131 841 1196 unius
857 1130 1062 1212 eiusdemque
1077 1131 1273 1196 substantiae

125 1234 187 1309 uel,
217 1234 244 1298 si
273 1235 334 1299 hoo
361 1235 477 1300 melius
501 1235 627 1314 dicitur,
656 1237 823 1302 essentiae.
851 1257 923 1301 nam
951 1238 1092 1302 nonnulli
1118 1239 1217 1304 nostri
1241 1242 1275 1301 et

126 1341 261 1405 maxime
292 1340 404 1406 Graeci
435 1342 620 1415 trinitatem,
654 1361 734 1425 quae
766 1343 845 1407 deus
879 1346 937 1413 est.
971 1345 1074 1427 magis
1103 1344 1273 1408 essentiam

125 1466 221 1527 quam
246 1467 340 1511 uuam
363 1447 575 1512 substantiam
598 1466 669 1512 esse
692 1448 838 1512 dixerunt
861 1448 981 1530 aliquid
1005 1449 1087 1512 inter
1109 1449 1187 1514 baec
1211 1449 1272 1513 duo

126 1553 251 1618 uomina
270 1573 340 1618 esse
365 1553 552 1618 arbitrantes
571 1554 625 1619 uel
646 1553 880 1638 intellegentes,
904 1555 987 1618 unde
1011 1574 1094 1619 nuuc
1112 1555 1273 1637 disputare

84 1692 109 1730 ιο
125 1679 185 1724 uon
207 1679 288 1742 opus
309 1665 368 1733 est,
394 1660 488 1742 quod,
513 1661 573 1724 etsi
598 1661 798 1726 diuinitatem
824 1662 930 1739 istam,
955 1680 1034 1743 quae
1058 1661 1145 1725 aliud
1169 1661 1273 1725 existi-

125 1770 320 1832 maturasse
339 1786 433 1850 quam
457 1768 528 1850 ipsa
545 1768 681 1843 trinitas,
705 1789 767 1833 non
792 1767 1003 1833 substantiam
1028 1768 1083 1832 sed
1102 1769 1272 1833 essentiam

127 1875 306 1951 dixerimus,
332 1875 440 1939 eadem
463 1875 587 1939 falsitas
613 1881 832 1958 consequetur.
863 1875 890 1938 si
914 1874 997 1938 enim
1021 1873 1083 1937 alia
1107 1877 1157 1937 est
1179 1893 1273 1956 quam

125 1982 195 2063 ipsa
226 1980 363 2056 trinitas,
396 1983 495 2046 altera
524 1983 583 2046 erit
609 1982 758 2053 essentia,
793 1981 878 2064 quod
911 1981 993 2045 absit
1026 1983 1063 2043 ut
1096 1980 1273 2044 catholicus

126 2088 253 2152 sentiat.
277 2091 377 2152 restat
400 2089 518 2171 itaque,
547 2093 585 2151 ut
606 2089 652 2152 ita
675 2088 840 2152 credamus
863 2087 958 2151 unius
984 2105 1053 2150 esse
1078 2086 1274 2151 substantiae

86 2216 109 2252 n
126 2195 311 2272 trinitatem,
340 2200 377 2260 ut
398 2196 470 2277 ipsa
493 2195 633 2260 essentia
659 2214 721 2260 nou
750 2193 838 2258 aliud
862 2193 905 2258 sit
928 2211 1023 2275 quam
1046 2192 1116 2275 ipsa
1138 2193 1273 2257 trinitas.

126 2302 165 2366 ad
194 2320 289 2384 quam
316 2301 484 2366 uidendam
513 2305 667 2384 quantum
699 2301 779 2366 libet
809 2301 841 2365 in
874 2301 933 2364 hac
962 2299 1029 2364 uita
1061 2299 1273 2382 proficiamus,

126 2428 195 2490 per
228 2408 437 2491 speculum
467 2408 527 2472 erit·
553 2411 592 2472 et
623 2409 662 2472 in
695 2407 936 2492 aenigmate,
970 2405 1054 2488 quod
1083 2405 1272 2470 uidebimus.

127 2535 201 2580 oum
229 2535 314 2592 uero,
340 2514 423 2597 quod
448 2515 478 2579 iu
502 2516 731 2580 resurrectione
758 2513 965 2597 promittitur,
996 2512 1136 2595 spiritale
1160 2529 1273 2594 corpus

126 2624 241 2700 habere
274 2622 480 2706 coeperimus,
520 2621 588 2686 siue
624 2621 712 2684 illam
745 2625 851 2684 mente
889 2621 958 2686 siue
994 2618 1131 2683 mirabili
1168 2618 1273 2695 modo,

83 2730 275 2810 aequoniam
299 2728 468 2793 ineffabilis
488 2732 537 2792 est
561 2727 713 2810 spiritalis
732 2727 871 2808 corporis
897 2725 1007 2809 gratia,
1032 2725 1125 2788 etiam
1146 2743 1274 2806 corpore

126 2836 304 2911 crideamus,
340 2855 401 2900 non
435 2839 539 2899 tamen
572 2853 628 2916 per
658 2834 801 2910 locorum
833 2832 1002 2898 interualla
1033 2850 1090 2895 neo
1121 2831 1154 2895 in
1185 2832 1274 2912 parte

126 2944 281 3007 minorem
304 2942 335 3005 in
360 2946 449 3026 parte
468 2943 631 3018 naaiorem,
656 2941 805 3024 quoniam
824 2960 885 3004 uon
905 2942 954 3004 est
973 2958 1086 3022 corpus
1106 2941 1139 3002 et
1156 2937 1274 3019 ubique

125 3053 196 3114 tota
218 3054 277 3126 est,
300 3068 357 3131 pro
380 3055 487 3114 nostra
509 3050 684 3132 capacitate
706 3047 898 3112 cridebimus.

4 3143 23 3207 l
45 3147 81 3208 13
173 3155 266 3236 Quod
294 3176 370 3221 uero
397 3155 535 3238 posuisti
563 3155 595 3218 in
620 3155 758 3236 epistula
785 3157 841 3218 tua
869 3151 970 3218 uideri
993 3152 1052 3216 tibi
1077 3150 1129 3216 uel
1155 3150 1273 3234 potius,

82 3286 108 3324 aa
128 3263 213 3345 quod
232 3261 401 3327 uidebatur
417 3261 478 3326 tibi
500 3261 579 3325 nihil
598 3260 709 3324 uiuum
735 3260 911 3324 secuudum
935 3259 1146 3323 substantiam
1170 3257 1273 3322 inesse

126 3369 270 3434 iustitiae
297 3368 432 3450 ideoque
461 3370 492 3431 te
520 3385 581 3432 non
609 3386 702 3450 possa
727 3366 830 3430 adbuc
854 3365 958 3442 deum,
982 3364 1014 3428 io
1039 3368 1090 3430 est
1112 3364 1272 3428 uiuentem

219 3610 363 3667 171001.
385 3611 426 3674 13,
448 3611 481 3664 12
553 3610 652 3680 24-ρ.
672 3609 732 3672 720,
752 3609 768 3663 3
789 3633 822 3654 =
841 3625 867 3677 p.
888 3608 948 3671 202,
971 3607 1101 3669 19-703,
1123 3608 1136 3661 1

163 3789 179 3841 3
199 3787 251 3840 hoc
270 3789 312 3839 est
329 3786 491 3839 firmatuma
508 3787 560 3839 boc
579 3789 621 3840 est
639 3786 824 3840 ooufimmtum
839 3801 865 3838 m
938 3789 982 3851 qil]
999 3781 1052 3836 OT
1069 3782 1197 3851 quoniam
1212 3782 1273 3836 eald.

123 3881 272 3945 praeterat
344 3876 444 3944 5quia
465 3874 580 3929 OPTT'
599 3873 659 3928 edd.
745 3877 809 3926 sunt
828 3871 888 3928 edd.
962 3872 1126 3925 9interesse
1145 3871 1221 3936 edd.;
1239 3871 1273 3938 cf.

127 3981 199 4033 puae
217 3965 257 4018 od
273 3964 359 4033 Apul.
379 3965 412 4017 de
434 3963 522 4033 dopna.
541 3964 617 4017 Plat.
638 3964 656 4016 l.
675 3963 715 4016 II
730 3979 752 4016 e.
770 3966 801 4015 11
821 3979 850 4030 p.
871 3963 918 4024 89,
942 3963 959 4010 9
978 3959 1017 4014 ed.
1037 3976 1112 4013 meae
1135 3960 1275 4013 adnotasti

128 4055 163 4107 10
181 4057 224 4108 est
242 4070 309 4122 opus
327 4051 387 4106 aad.
461 4053 603 4106 estimatur
624 4051 702 4106 ΟΡΤ
756 4054 791 4105 14
809 4051 849 4104 ita
867 4065 917 4104 om.
937 4048 971 4101 Τι
1028 4050 1060 4103 16
1080 4047 1274 4117 prospiciamus

132 4140 194 4195 ΤΤ1
286 4141 318 4194 17
343 4141 402 4209 per]
424 4144 453 4193 et
470 4157 519 4209 per
538 4143 578 4204 (et
596 4143 740 4208 eap.m.1)
763 4139 789 4192 Τ
878 4138 929 4190 erit
948 4154 1008 4198 oon..
1027 4141 1086 4189 m.1
1106 4139 1142 4202 (.)
1164 4135 1229 4192 add.
1252 4139 1275 4190 0

129 4231 161 4284 19
179 4229 310 4297 mirabili]
330 4228 510 4282 irrationabili
528 4227 621 4281 ΡΤΤ1
729 4225 1098 4295 m0o1s10<paroarasnB
1170 4224 1205 4277 22
1223 4224 1274 4277 mi·

126 4317 317 4372 ncreaPTT¹
389 4317 429 4386 in]
449 4317 546 4370 necin
569 4316 622 4371 OT
691 4316 805 4370 maiores
825 4314 916 4368 ΡΤΤι
972 4312 1276 4383 aspasius]p0test1’

127 4408 162 4461 26
181 4411 210 4460 te
229 4422 280 4460 om.
299 4405 376 4460 rodel.
