3092 5217
495 532 761 601 epistularum
791 534 843 589 CV.
1187 538 1250 603 597

104 723 236 801 audiret,
255 725 294 787 ut
311 723 424 788 nolens
444 723 585 808 eligeret,
605 744 778 807 numquam
797 726 988 809 permisistis
1007 748 1063 811 per
1081 730 1250 795 uiolentius

105 836 136 896 et
161 834 301 895 terrores
329 832 466 895 uestros.
493 832 593 897 nolite
621 831 753 897 stridere
782 836 815 898 ot
840 835 1023 915 perturbare
1051 836 1170 901 animas
1198 856 1251 901 ue·

105 942 201 1015 stras3
234 938 401 1021 patienter,
433 938 462 1003 si
498 938 565 1003 lieri
592 940 709 1023 potest,
742 940 948 1020 considerate,
982 943 1067 1025 quod
1104 943 1250 1019 dicimus,

104 1048 136 1109 et
164 1044 298 1109 recolite
330 1044 415 1109 lacta
443 1044 742 1111 circumcellionum
776 1052 956 1113 uestrorum
990 1050 1022 1113 et
1055 1050 1251 1125 clericorum,

76 1151 157 1233 eqni
188 1151 287 1216 (luces
315 1170 425 1216 eorum
460 1172 585 1236 semper
616 1152 754 1231 inerunt,
788 1158 820 1217 et
852 1154 1015 1235 uidebitis,
1049 1174 1128 1238 quae
1157 1176 1253 1221 causa

104 1258 198 1323 uobis
228 1258 290 1324 hoc
322 1260 517 1325 excitauerit.
555 1260 638 1325 unde
669 1261 787 1326 iniuste
822 1262 998 1344 querimini,
1036 1264 1120 1346 qnia,
1157 1262 1251 1327 uobis

105 1366 211 1430 omnia
238 1365 363 1431 istaut
388 1366 583 1445 iuberentur,
612 1368 776 1452 coegistis.
804 1388 876 1432 nam
900 1372 937 1432 ut
962 1370 1057 1454 longe
1086 1370 1253 1453 praeterita

104 1476 136 1537 et
152 1472 258 1537 multa
275 1493 335 1538 non
359 1476 552 1556 repetamus,
576 1475 691 1538 saltem
709 1476 848 1540 recentia
871 1476 956 1540 lacta
974 1478 1082 1540 uestra
1101 1476 1250 1561 cogitate.

104 1581 232 1644 blancus
264 1580 429 1663 presbyter
456 1579 733 1664 Gasphalianensis
766 1602 785 1646 a
816 1583 941 1646 nemine
965 1589 1094 1649 coactus
1126 1583 1253 1666 propria

68 1704 88 1739 ¹⁰
104 1689 270 1752 uoluntate
295 1687 471 1752 catholicus
494 1688 601 1753 factus
625 1692 688 1763 est;
714 1707 776 1771 qua
799 1708 831 1753 re
854 1690 947 1753 illum
974 1688 1069 1754 uestri
1092 1690 1253 1772 persecuti

105 1798 233 1859 suntet
255 1793 577 1877 paeneoccidissent‚
600 1795 661 1859 nisi
686 1795 737 1859 dei
761 1812 873 1861 manus
897 1814 954 1879 per
976 1796 1119 1861 homines
1143 1814 1252 1879 super-

105 1900 269 1965 uenientcs
292 1899 463 1965 uiolentius
488 1918 597 1966 eorum
621 1902 873 1983 compressisset.
898 1902 1079 1968 Restitutus
1099 1902 1253 1968 Victoria-

104 2008 212 2073 nensis
232 2008 271 2072 ad
289 2008 479 2072 cathoHcam
497 2009 586 2074 nullo
606 2012 739 2093 cogente
759 2028 794 2074 se
812 2010 991 2085 transtulit;
1012 2028 1124 2092 quare
1143 2012 1253 2092 raptus

105 2118 154 2179 est
183 2114 223 2179 de
251 2114 345 2180 domo
374 2132 442 2192 sua,
472 2134 595 2193 caesus,
622 2116 655 2179 in
684 2134 765 2199 aqua
793 2104 970 2195 uolutatus,
1002 2117 1087 2182 buda
1114 2116 1253 2181 uestitus

67 2223 137 2285 1⁵et
163 2221 272 2285 nescio
301 2224 380 2305 quot
407 2221 475 2287 dies
502 2223 535 2287 in
563 2222 751 2306 captiuitate
780 2226 923 2288 retentus
952 2225 1001 2287 est
1029 2243 1085 2288 nec
1114 2222 1254 2287 libertati

105 2329 249 2412 propriae
284 2329 421 2395 fortasse
455 2329 626 2395 restitutus
663 2332 759 2402 esset,
796 2330 857 2395 nisi
893 2330 957 2394 iam
993 2348 1092 2414 paene
1125 2332 1254 2414 propter

104 2436 208 2517 ipsam
228 2454 356 2500 causam
373 2435 583 2502 Proculianus
608 2436 668 2501 sibi
689 2437 915 2502 exhibitionem
939 2435 1062 2502 uideret
1078 2436 1251 2500 imminere.

104 2542 288 2607 Marcianus
320 2542 473 2627 Urgensis
506 2544 696 2608 catholicam
733 2544 889 2609 unitatem
927 2544 1054 2629 propria
1085 2544 1252 2609 uoluntate

106 2649 241 2733 delegit:
264 2668 382 2733 quare
406 2649 635 2715 subdiaconum
664 2651 745 2729 eius,
778 2669 850 2716 curn
878 2650 947 2734 ipse
978 2650 1127 2735 fugisset,
1155 2668 1251 2731 propo
1284 2678 1285 2683 ¹

66 2774 89 2815 ro
105 2772 207 2837 nsque
235 2756 275 2818 ad
300 2760 436 2819 mortem
464 2774 592 2820 caesum
621 2755 728 2820 clerici
755 2756 856 2820 uestri
882 2756 1042 2838 lapidibus
1071 2755 1251 2830 obruerunt,

105 2880 241 2944 quorum
264 2861 378 2926 domus
400 2880 457 2944 pro
481 2881 539 2927 suo
564 2862 682 2926 scelere
706 2879 835 2927 euersae
859 2864 943 2926 sunt.

149 2967 236 3047 Quid
272 2968 409 3050 amplius
447 2968 612 3034 dicamus?
652 2969 746 3034 modo
785 2986 970 3052 praeconem
1008 2966 1155 3043 misistis,
1198 2966 1251 3049 qui

105 3076 257 3140 clamaret
289 3074 395 3141 Siniti:
425 3073 590 3158 ‘Quisquis
618 3075 790 3141 Maximino
824 3074 1116 3152 communicauerit,
1149 3074 1252 3137 incen-

105 3183 199 3246 detur
211 3183 326 3247 domus
341 3182 428 3247 eius’.
443 3182 541 3264 quid?
555 3184 723 3264 antequam
737 3182 807 3264 ipse
822 3180 861 3245 ad
876 3181 1064 3245 catholicam
1079 3198 1252 3245 conuersus

65 3304 88 3341 a
106 3292 192 3353 esset
220 3292 253 3353 et
279 3288 418 3354 nondum
451 3288 489 3353 de
517 3288 734 3353 transmarinis
770 3292 953 3366 remeasset,
987 3287 1026 3352 ad
1056 3287 1133 3370 quid
1166 3286 1253 3351 aliud

105 3394 326 3479 presbyterum
350 3394 444 3461 Siniti
467 3394 667 3473 miseramus,
694 3393 757 3459 nisi
780 3398 818 3459 ut
845 3394 924 3458 nulli
948 3394 1103 3459 molestus
1126 3397 1252 3459 nostros

105 3501 252 3567 risitaret
284 3505 317 3566 et
346 3502 379 3565 in
412 3502 506 3566 domo
538 3502 616 3566 iuris
655 3501 706 3566 sui
747 3502 873 3585 positus
915 3518 1025 3585 pacem
1062 3500 1250 3565 catholicam

142 3815 154 3867 l
175 3818 208 3867 nt
226 3812 333 3884 uolens]
353 3817 382 3868 et
399 3816 494 3868 uolens
508 3815 536 3868 P
552 3815 613 3869 cdd.
669 3816 794 3887 erigeret,
813 3778 882 3872 corr.
901 3823 962 3875 aar
982 3818 1096 3886 eligeret
1109 3818 1147 3872 M
1180 3819 1196 3871 2
1213 3833 1252 3870 cr-

104 3920 178 3957 rores
195 3902 260 3956 MP
346 3904 599 3958 Acercicellionum
616 3903 683 3958 ΜΓ
698 3905 899 3960 cirticillionum
919 3908 945 3960 A
1024 3908 1132 3976 lnam]
1154 3924 1205 3960 non
1226 3906 1252 3958 A

106 3991 141 4045 10
158 3992 291 4046 secutiA
347 3992 380 4046 14
398 3991 486 4045 bruda
499 3992 671 4048 MFARoe
742 3997 878 4049 nestusA
935 3998 967 4050 15
987 3994 1110 4066 qnodM
1163 3996 1251 4048 ltre-

106 4079 188 4134 scitus
205 4080 234 4133 A
325 4081 358 4133 17
376 4080 571 4135 Proculeianns
589 4098 616 4135 m
687 4082 887 4137 immineresF
975 4084 1008 4137 18
1026 4085 1174 4137 martianus
1193 4082 1254 4135 MP

141 4169 280 4239 surgentis
298 4168 327 4221 A
343 4170 469 4223 ortianus
486 4171 524 4223 M
584 4171 616 4224 21
639 4170 732 4224 domos
750 4170 788 4225 M
857 4188 920 4226 suos
940 4173 1012 4242 (suit
1030 4178 1053 4240 s)
1072 4172 1102 4225 F
1163 4172 1197 4225 23
1217 4172 1252 4223 si-

107 4258 163 4312 nite
180 4258 273 4312 MFA
344 4258 506 4312 maximiano
524 4259 562 4313 M
570 4255 855 4314 chaximinianoc
936 4262 971 4315 24
990 4261 1067 4330 quid]
1088 4260 1134 4329 qui
1154 4260 1253 4327 cesar

141 4364 236 4401 uersus
254 4348 292 4402 M
354 4348 389 4401 25
408 4347 443 4401 acl
462 4347 529 4416 quid
547 4347 633 4417 aliud]
654 4348 688 4402 ad
707 4349 772 4417 qnid
792 4348 826 4402 ad
846 4348 928 4403 aliud.
941 4352 1024 4419 (post.
1045 4348 1078 4402 ad
1098 4348 1149 4402 det.
1169 4364 1202 4401 m.
1222 4354 1253 4401 ct

107 4436 164 4490 uid.
184 4439 213 4502 2)
232 4436 290 4491 FP
305 4436 409 4507 aliquid
428 4436 463 4490 acl
482 4436 556 4490 aliud
574 4438 612 4490 M
662 4439 698 4492 26
716 4439 800 4492 sinite
818 4438 849 4491 F
864 4439 887 4491 si
905 4438 958 4492 niti
976 4438 1003 4491 A
