3092 5217
492 490 758 560 epistularum
788 490 858 546 CIII.
1187 498 1249 561 581

95 686 263 767 peccauit3
298 686 400 751 aliena
427 686 597 768 quisquam
625 687 767 771 diripuit,
800 688 883 753 inter
910 688 1027 754 delicta
1055 694 1251 767 numeratur;

95 794 170 855 loca
198 792 331 875 protana
359 812 488 858 sacraue
516 793 663 870 uiolauit,
693 813 752 859 non
784 798 833 859 est
862 795 899 859 ab
929 795 1125 881 indulgentia
1154 816 1254 863 secor-

96 898 236 966 ncndus.
272 904 433 983 postremo
473 900 581 965 nullus
615 903 702 965 esset
737 901 849 965 ueniae
886 901 987 980 locus,
1024 903 1086 967 nisi
1122 908 1254 987 peccata

94 1006 334 1088 praecederent.

35 1106 80 1169 11
141 1112 240 1176 Nunc
269 1112 429 1194 qnoniam,
461 1130 522 1176 non
557 1116 710 1193 quantum
743 1112 849 1189 debui,
882 1113 938 1179 sed
966 1117 1119 1196 quantum
1152 1117 1252 1199 potui,

96 1217 218 1297 maius,
249 1221 287 1283 ut
315 1218 440 1294 dicitur,
473 1219 620 1282 minusne
652 1218 811 1302 respondi,
844 1239 897 1285 oro
927 1224 1021 1304 atque
1051 1220 1180 1286 obsecro
1208 1260 1252 1268 —

96 1326 225 1389 utinam
257 1330 456 1408 praesentem
488 1345 627 1409 possem,
659 1329 697 1389 ut
724 1326 821 1389 etiam
852 1326 999 1391 lacrimas
1031 1347 1118 1391 meas
1151 1329 1253 1411 perui-

97 1432 192 1497 deres
212 1472 266 1511 —,
290 1436 336 1511 ut,
362 1432 417 1515 qui
441 1431 495 1511 sis,
520 1432 596 1514 quid
619 1432 806 1516 profitearis,
832 1434 907 1515 quid
927 1452 1012 1517 agae,
1038 1434 1134 1498 etiam
1158 1438 1252 1517 atque

98 1538 199 1603 etiam
229 1540 361 1623 cogites,
396 1538 552 1616 intendas,
582 1558 662 1621 quae
691 1539 734 1604 sit
761 1538 849 1604 illius
879 1540 1001 1623 species
1031 1540 1183 1618 ciuitatis,
1217 1559 1253 1605 er

56 1668 78 1703 ιο
97 1666 165 1728 qua
198 1646 238 1711 ad
272 1645 465 1728 supplicium
498 1645 634 1710 ducendi
667 1646 881 1725 extrahuntur,
915 1665 995 1729 quae
1029 1646 1072 1711 sit
1103 1649 1252 1724 matrum,

97 1772 182 1835 quae
217 1753 399 1837 coniugum,
424 1772 505 1836 quae
537 1752 720 1832 liberorum,
745 1772 826 1835 quae
858 1756 1024 1835 parentum
1057 1754 1252 1832 lamentatio,

97 1880 165 1942 quo
189 1860 310 1943 pudore
334 1860 373 1924 ad
395 1860 531 1943 patriam
554 1860 663 1924 uenire
688 1860 812 1941 possint
835 1859 962 1924 liberati
987 1859 1042 1924 sed
1066 1860 1153 1937 torti,
1174 1878 1253 1941 quos

95 1970 234 2032 renouet
249 1966 373 2033 dolores
384 1970 440 2031 aut
450 1966 589 2050 gemitus
600 1966 809 2032 consideratio
827 1967 996 2031 uulnerum
1011 1970 1042 2030 et
1058 1966 1251 2030 cicatricum.

96 2074 200 2137 ethis
216 2072 362 2138 omnibus
376 2073 577 2156 pertractatis
593 2072 688 2137 deum
702 2072 804 2155 primo
825 2073 1003 2137 consideres
1023 2072 1251 2155 hominumque

57 2181 224 2265 recogites
253 2182 380 2257 samam,
403 2180 580 2245 bonitatem
608 2178 742 2243 amicam
770 2179 877 2262 potius
906 2178 1156 2261 familiaremque
1181 2197 1252 2243 oon·

95 2287 296 2352 iunctionem
320 2290 354 2351 et
374 2286 564 2370 ignoscendo
584 2286 692 2368 potius
710 2286 838 2349 laudern
859 2304 953 2367 quam
972 2283 1160 2350 uindicando
1180 2303 1252 2349 con-

95 2395 219 2475 quiras.
244 2394 440 2477 atquehaec
464 2393 575 2457 dehis
599 2392 685 2457 dicta
713 2393 786 2471 1111,
812 2412 891 2475 quos
919 2410 1014 2457 uerus
1044 2390 1251 2457 confessionis

96 2521 177 2565 suae
196 2504 303 2566 reatus
324 2500 482 2585 astringit,
497 2499 614 2583 quibus
629 2499 758 2582 quidem
778 2500 858 2583 legis
874 2498 1149 2581 contemplatione,
1167 2497 1251 2580 quod

94 2610 231 2675 laudare
258 2629 318 2675 non
344 2607 464 2685 desino,
492 2608 618 2671 neniam
647 2606 799 2671 tribuisti.
827 2606 890 2671 iam
918 2605 999 2670 illud
1023 2604 1171 2687 explicari
1198 2604 1250 2668 uix

56 2737 79 2771 w
95 2719 218 2802 potest,
252 2719 386 2799 quantae
419 2712 617 2779 crudelitatis
651 2713 694 2777 sit
725 2713 907 2777 innocentes
940 2714 1086 2795 appetere
1120 2713 1153 2775 et
1185 2727 1249 2787 eos,

93 2843 178 2906 quos
212 2841 231 2885 a
263 2822 393 2887 crimine
426 2824 551 2885 constat
583 2839 654 2884 esso
682 2818 848 2898 discretos,
884 2820 915 2883 in
948 2817 1103 2883 iudicium
1136 2815 1249 2898 capitis

94 2930 262 2994 deuocare.
291 2947 371 3011 quos
401 2928 429 2992 si
456 2926 584 3010 purgari
607 2925 787 3009 contigerit,
816 2925 948 3009 cogites,
978 2942 1105 3007 quaeso,
1135 2924 1251 3006 quanta

94 3039 321 3101 accusatorum
343 3034 564 3099 liberabuntur
585 3033 716 3109 inuidia,
746 3052 819 3097 cum
842 3051 912 3096 reos
937 3034 1048 3114 sponte
1074 3028 1250 3093 dimiserint

92 3144 186 3222 uicti,
220 3142 405 3224 reliquerint
435 3141 629 3205 innocentes.
669 3138 748 3203 deus
782 3158 927 3204 summus
960 3142 992 3203 te
1026 3136 1186 3201 custodiat
1218 3142 1250 3199 et

52 3279 77 3318 aa
95 3252 178 3335 legis
209 3267 285 3315 suae
309 3250 476 3313 conseruet
502 3245 696 3330 praesidium
725 3248 820 3327 atque
846 3246 1065 3309 ornamentum
1093 3246 1249 3307 nostrum.

187 3442 278 3495 1-11
297 3464 331 3486 =
350 3458 376 3511 p.
397 3439 458 3504 511,
478 3438 584 3493 17-22

133 3567 147 3619 1
169 3565 325 3634 quisquam]
342 3580 371 3632 p.
393 3562 643 3632 592,1aquisque
703 3561 788 3629 ipro
807 3562 838 3613 ut
855 3575 911 3613 ras.
933 3560 1007 3611 2-3
1027 3557 1044 3610 l.
1068 3555 1095 3609 V
1149 3555 1244 3609 1311-

94 3658 183 3709 nouat
207 3653 235 3707 U
248 3669 298 3706 cm
316 3654 428 3706 reuocat
450 3652 473 3705 V
493 3652 538 3716 lr;
556 3650 656 3719 compsi
673 3652 798 3712 renouet;
818 3648 853 3713 cf.
868 3664 899 3716 p.
922 3648 988 3711 582,
1008 3649 1042 3699 21
1130 3644 1163 3696 15
1184 3659 1249 3697 con·

95 3742 275 3812 iunctionem]
295 3741 443 3809 coniungas
456 3741 488 3794 in
501 3756 557 3794 rae.
578 3739 605 3793 U
648 3740 681 3793 lc
699 3735 873 3805 uindicando]
890 3733 1084 3789 uindictamV
1129 3732 1247 3786 1711111

97 3832 276 3887 confessionis
300 3829 328 3884 U
370 3831 403 3884 19
421 3829 558 3883 tribuistis
581 3828 641 3883 Um
693 3828 729 3881 20
748 3828 879 3896 quantum
899 3823 959 3879 edd.
1015 3823 1049 3877 22
1069 3820 1197 3875 deuorare
1222 3819 1249 3873 V

97 3923 133 3976 ‘25
152 3922 229 3991 suae]
251 3936 315 3975 suae
333 3922 363 3973 11
386 3918 445 3972 Um
