3092 5217
495 474 760 543 epistularum
788 474 857 529 XCI.
1186 482 1256 543 431

108 668 235 749 opulens
267 669 374 735 uirtus
399 670 463 736 ¹sed
493 670 551 734 illa
584 670 642 734 dea
668 671 763 736 Flora
792 671 886 755 digna
913 675 1014 737 mater
1041 673 1170 739 inuenta
1194 680 1255 752 est,

107 773 193 839 euius
225 775 295 840 ludi
329 776 447 841 scenici
474 780 540 841 tam
569 777 716 842 effusiore
744 780 777 841 et
803 778 967 843 licentiore
990 779 1150 863 turpidine
1174 784 1255 847 cele·

105 881 241 959 brantur,
277 886 316 946 ut
353 883 459 965 quiuis
497 884 673 968 intellegat,
711 885 806 967 quale
844 884 1045 950 daemonium
1083 887 1134 967 sit,
1169 888 1256 970 quod

104 987 219 1069 placari
242 989 336 1053 aliter
358 1008 419 1054 non
441 994 558 1072 potest,
578 991 640 1056 nisi
659 990 727 1056 illio
751 1010 918 1070 nonanes,
940 1011 1000 1057 non
1021 993 1252 1076 quadrupedes,

77 1114 161 1159 onon
195 1094 331 1178 denique
364 1096 494 1179 sanguis
527 1096 686 1161 humanus
719 1096 775 1161 sed
808 1098 909 1163 multo
945 1098 1114 1163 scelestius
1151 1100 1254 1183 pudor

103 1200 260 1266 humanus
283 1206 446 1284 tamquam
470 1202 655 1268 immolatus
679 1204 823 1269 intereat.

39 1306 53 1359 i
144 1308 232 1372 Haec
261 1308 335 1384 diri,
363 1312 492 1392 propter
519 1308 604 1391 quod
633 1309 801 1393 scripsisti,
828 1312 980 1392 quantum
1003 1311 1063 1374 tibi
1088 1314 1174 1376 aetas
1198 1313 1253 1375 fini

105 1414 241 1495 proxima
264 1420 322 1493 est,
348 1434 461 1498 cupere
485 1418 527 1492 te,
547 1419 585 1480 ut
606 1416 741 1497 patriam
764 1420 853 1480 tuam
873 1417 1066 1481 incolumem
1087 1438 1122 1483 ao
1141 1417 1254 1483 floreu-

106 1526 166 1585 tem
197 1522 370 1604 relinquas.
403 1523 556 1587 tollantur
587 1523 644 1585 illa
677 1523 782 1586 omnia
811 1542 893 1587 uana
921 1526 953 1587 et
979 1523 1099 1601 insana,
1124 1542 1251 1589 conuer-

72 1652 91 1687 o
107 1631 207 1693 tantm
237 1628 383 1693 homines
416 1629 455 1693 ad
487 1649 597 1693 uerum
631 1628 682 1693 dei
714 1631 839 1694 cultum
872 1648 1038 1712 moresque
1077 1634 1182 1695 castos
1221 1635 1255 1695 et

106 1736 184 1817 pios3
222 1739 299 1799 tunc
335 1736 470 1818 patriam
507 1740 597 1801 tuam
634 1735 798 1801 florentem
835 1735 960 1801 uidebis
1001 1756 1063 1801 non
1106 1736 1252 1819 opinione

107 1841 272 1905 stultomm
305 1841 362 1905 sod
388 1842 522 1906 ueritate
552 1841 754 1924 sapientium,
784 1861 857 1906 oum
886 1842 963 1907 haec
990 1842 1093 1925 patria
1116 1843 1252 1908 carnalis

106 1938 312 2029 geuerationis
340 1951 415 2011 tuae
442 1948 545 2028 portio
573 1948 670 2011 fuerit
695 1948 785 2011 illius
809 1948 938 2029 patriae,
963 1948 1014 2011 eui
1037 1968 1098 2012 non
1123 1967 1252 2030 corpore

107 2053 156 2116 sed
189 2053 252 2117 tide
290 2054 461 2132 nascimur,
501 2053 556 2118 ubi
595 2072 703 2118 omnes
744 2055 846 2119 sancti
885 2058 917 2119 et
952 2054 1061 2119 fideles
1096 2054 1146 2119 dei
1178 2058 1254 2138 post

73 2184 91 2219 a
106 2160 224 2225 labores
249 2160 341 2225 uelut
363 2160 516 2224 hiemales
540 2160 627 2225 uitae
651 2160 747 2225 huius
770 2161 939 2225 intermina
958 2160 1143 2226 aeternitate
1162 2161 1251 2226 flore·

106 2265 188 2333 bunt.
224 2266 317 2331 nobis
355 2266 462 2349 itaque
499 2267 585 2331 cordi
624 2270 673 2332 est
709 2286 812 2350 neque
850 2268 1062 2333 Christianam
1104 2267 1250 2331 amittere

106 2373 378 2439 mansuetudinem
409 2392 511 2455 neque
543 2373 757 2456 perniciosum
791 2374 904 2438 ceteris
932 2374 1120 2439 imitationis
1149 2392 1251 2437 exem·

106 2480 187 2559 plum
210 2480 243 2543 in
267 2480 323 2544 illa
346 2480 476 2545 ciuitate
498 2480 687 2561 relinquere.
722 2501 784 2563 quo
808 2480 902 2546 modo
925 2480 958 2545 id
982 2500 1124 2564 agamus,
1149 2479 1251 2545 aderit

108 2586 188 2664 deus,
212 2587 240 2651 si
265 2588 312 2651 eis
335 2606 397 2651 non
421 2587 467 2651 ita
487 2588 628 2671 grauiter
650 2587 839 2670 indignetur.
873 2587 1016 2669 alioquin
1045 2590 1076 2651 et
1104 2604 1249 2651 mansue·

73 2718 94 2755 ιι
107 2693 186 2771 tudo,
210 2712 306 2776 quam
329 2712 457 2759 seruare
480 2693 637 2777 cupimus,
663 2698 695 2758 ot
718 2694 897 2777 disciplina,
923 2712 985 2775 qua
1012 2692 1060 2757 uti
1087 2692 1250 2757 moderato

109 2800 239 2879 nitimur,
264 2800 411 2883 impediri
434 2803 551 2884 potest,
576 2800 604 2865 si
628 2800 686 2864 deo
716 2800 803 2865 aliud
831 2801 862 2864 in
892 2799 1017 2864 occulto
1046 2800 1151 2882 placet
1179 2797 1248 2863 siue

108 2906 250 2971 iudicanti
272 2908 334 2971 hoe
357 2910 483 2971 tantum
506 2908 626 2971 malum
650 2907 776 2990 flagello
802 2907 919 2971 acriore
947 2906 1150 2989 plectendum
1179 2904 1249 2968 siue

110 3013 195 3076 etiam
221 3014 445 3078 uehementius
472 3014 631 3091 irascenti,
660 3014 688 3078 si
715 3031 776 3077 non
802 3012 950 3078 correctis
975 3031 1031 3077 nee
1056 3011 1094 3075 ad
1118 3031 1152 3077 se
1176 3031 1248 3077 oon-

109 3118 200 3183 uersis
223 3120 263 3185 ad
286 3124 413 3202 tempus
437 3139 507 3184 esse
530 3119 669 3185 uoluerit
691 3120 882 3203 inpunitum.

49 3222 97 3288 is
148 3226 335 3291 Praescribit
367 3226 458 3290 nobis
492 3226 627 3308 quodam
656 3226 749 3291 modo
778 3225 942 3309 prudentia
970 3230 1026 3291 tua
1054 3225 1091 3290 de
1116 3244 1250 3308 persona

191 3490 258 3543 o-o
277 3514 312 3535 =
332 3507 358 3558 p.
378 3490 440 3552 rao,
460 3490 548 3543 s-ro

144 3663 243 3727 litore,
263 3680 332 3719 corr.
352 3663 419 3717 flora
432 3663 465 3717 K
518 3663 602 3733 digna
619 3665 716 3732 mater}
737 3661 871 3732 dignator,
892 3679 960 3716 corr.
980 3667 1041 3715 on.1
1061 3662 1243 3731 dignanterd

114 3751 206 3806 ‘liudis
224 3753 328 3807 caeniei
342 3756 398 3806 tam
409 3752 448 3805 M
464 3753 593 3821 (uirprolio
606 3758 687 3819 corr.)
703 3753 730 3805 P
748 3755 824 3815 (nu2
842 3756 923 3818 eom.)
941 3750 1014 3804 ludis
1030 3752 1107 3804 caeni
1126 3751 1206 3804 citam
1219 3750 1250 3803 F

142 3839 274 3895 licentiore
291 3858 349 3895 ras.
370 3858 404 3894 ex
420 3841 570 3895 lucentiore
589 3840 619 3894 F
687 3840 858 3910 turpitudine
877 3840 905 3895 R
923 3840 983 3894 edd.
1045 3840 1061 3892 3
1081 3839 1118 3893 sit
1137 3838 1247 3907 daemo-

114 3929 178 3983 nium
193 3929 219 3983 R
278 3930 415 3984 5mnltos
434 3930 578 3984 caelestius
596 3930 659 3983 MP
678 3934 754 3995 (11.2
771 3935 852 3997 corr.)
915 3930 1039 3984 6inerat
1057 3928 1084 3980 A
1144 3927 1247 3981 lhaec

115 4034 170 4086 ergo
187 4018 238 4073 diri
254 4020 282 4074 R
375 4021 409 4073 lo
428 4020 472 4073 diri
491 4036 530 4073 aa
548 4019 593 4073 dur
610 4020 746 4073 lacertam
763 4019 801 4072 M
882 4021 912 4072 11
934 4017 1040 4071 uidebis
1059 4017 1200 4071 florentem
1218 4016 1246 4071 R

117 4106 144 4159 13
159 4110 342 4176 generationes
360 4108 394 4162 K
461 4110 494 4162 15
513 4110 690 4163 interminata
707 4109 730 4161 P
750 4107 812 4162 edd.
827 4114 976 4177 praeterm
1046 4107 1079 4159 16
1098 4105 1247 4159 christiana

116 4196 201 4261 (poetr.
220 4197 236 4253 1,
255 4215 288 4253 ea
305 4214 374 4252 corr.
393 4198 554 4253 11111ιὶ1.
574 4196 602 4266 1)
620 4197 658 4251 M
716 4198 751 4251 20
770 4214 824 4267 qua
841 4196 1018 4251 immoderate
1037 4195 1064 4250 R
1118 4196 1151 4248 21
1173 4193 1248 4247 aliud

117 4281 159 4336 deo
175 4284 202 4339 R
252 4288 285 4339 22
303 4287 355 4340 hoo
374 4286 509 4341 iudicanti
527 4287 555 4341 R
616 4287 713 4340 acriori
732 4287 759 4341 R
814 4287 848 4340 23
867 4286 1009 4340 irascentis
1028 4284 1086 4337 Md
1153 4284 1246 4336 sinon

118 4377 279 4430 concorrectis
298 4377 326 4429 A
379 4377 414 4430 25
433 4376 608 4447 praescrip-sit
628 4376 699 4429 enirn
717 4376 796 4429 uobis
816 4375 844 4429 R
