3092 5217
316 489 380 551 352
676 484 703 537 S.
732 483 869 537 Aureli
898 484 1114 552 Augustini

315 680 551 764 reprehendere,
581 700 642 745 nou
671 680 924 763 respondentem·
959 680 1019 743 lice
1042 680 1110 744 sele
1134 679 1326 745 tenuissime
1350 678 1453 744 indicio

316 790 490 869 utcumque
523 787 643 851 conicio
675 786 794 871 legisse
827 788 859 851 te
891 786 979 850 illam
1013 786 1185 869 epistulam
1218 806 1334 851 meam.
1366 787 1395 850 iu
1424 808 1455 851 ea

317 894 433 977 quippe
466 893 629 975 deploraui
646 896 783 981 ¹tantam
816 893 898 956 inter
929 911 988 957 uos
1023 893 1167 957 extitisse
1196 892 1395 969 discordiam,
1422 893 1454 957 de

316 1020 448 1083 quorum
477 1004 565 1064 tanta
593 999 743 1075 amicitia,
773 1019 900 1082 quaqua
928 1018 1057 1065 uersum
1088 1018 1157 1064 eam
1181 999 1265 1064 fama
1289 1000 1453 1065 diffuderat

316 1108 394 1171 earit
395 1127 429 1172 as
380 1108 590 1172 tfraterna
608 1106 777 1190 gaudebat.
802 1106 888 1189 quod
907 1126 967 1171 uon
988 1107 1048 1171 feei
1069 1107 1326 1190 reprehendendo
1347 1127 1486 1193 genua-r

315 1216 445 1279 nitatem
470 1219 569 1291 tuam,
594 1214 686 1279 cuius
709 1214 741 1278 in
765 1234 802 1279 ea
825 1234 858 1278 re
882 1215 1020 1297 aliquam
1045 1215 1170 1297 culpam
1196 1234 1247 1279 me
1277 1215 1516 1323 cognouisse
1515 1258 1516 1263 ι

314 1342 374 1387 nen
403 1322 505 1386 ausim
536 1321 648 1397 dicere,
678 1320 734 1385 sed
762 1320 896 1385 dolendo
925 1322 1096 1386 humanam
1121 1322 1294 1398 miseriam,
1319 1323 1407 1387 euius
1427 1324 1452 1386 iu

316 1428 466 1493 amicitiis
502 1431 616 1493 mutua
652 1428 750 1492 carita
717 1430 784 1492 tate
821 1428 1005 1504 retinendis,
1045 1431 1162 1510 quanta
1199 1429 1279 1495 libet
1317 1430 1371 1493 illa
1409 1431 1453 1496 sit.
1515 1476 1516 1519 ι

314 1535 432 1599 incerta
465 1535 643 1618 permansio
680 1537 740 1599 eat.
783 1554 895 1598 uerum
932 1534 1012 1598 illud
1048 1536 1279 1600 malueramt
1264 1536 1332 1601 tuis
1371 1555 1453 1601 nesse
1515 1528 1516 1599 l

314 1643 487 1725 rescriptis,
521 1646 629 1706 utnrm
662 1642 740 1705 milri
773 1641 910 1717 ueniam,
944 1661 1037 1724 quam
1074 1660 1293 1725 poposceram,
1332 1644 1451 1708 dederis.
1468 1664 1485 1699 u
1515 1710 1516 1733 χ

315 1751 399 1833 quod
422 1751 563 1832 apertius
590 1750 671 1814 mihi
698 1749 838 1813 intimari
871 1749 974 1831 cupio,
1003 1748 1150 1831 quamuis
1178 1748 1311 1814 hilarior
1339 1749 1451 1831 quidam
1515 1744 1516 1838 l

314 1858 425 1921 uultus
448 1857 626 1921 litterarum
648 1859 776 1921 tuarum
799 1857 893 1921 etiam
919 1857 978 1921 hoc
1002 1875 1053 1921 me
1076 1856 1264 1939 impetrasse
1289 1856 1453 1941 significare
1515 1844 1516 1917 l

314 1963 472 2037 uideatur.
500 1964 528 2028 ai
556 1966 660 2028 tamen
688 1966 763 2044 pest
788 1963 905 2027 lectam
933 1963 1023 2027 illam
1050 1962 1168 2027 missae
1199 1967 1283 2037 sunt,
1318 1963 1398 2045 qued
1427 1964 1451 2027 in
1515 1942 1516 2037 i

318 2069 364 2134 eis
386 2070 515 2135 minime
539 2073 677 2153 apparet.

272 2182 292 2245 2
359 2178 447 2243 Petis
471 2178 523 2242 uel
547 2178 654 2261 petius
678 2177 795 2241 fiducia
819 2177 960 2242 caritatis
984 2178 1085 2255 iubes,
1111 2182 1148 2241 ut
1176 2178 1207 2241 in
1236 2179 1450 2261 scripturarum
1467 2194 1484 2228 ¹⁵
1515 2244 1516 2247 ,

316 2304 427 2366 campe
452 2286 520 2349 sine
548 2287 655 2350 nostro
683 2284 821 2349 inuicem
850 2284 957 2349 dolore
986 2284 1147 2348 ludamus.
1177 2284 1335 2367 equidem,
1366 2303 1451 2367 quan·

314 2395 383 2455 tum
408 2390 447 2455 sd
469 2410 520 2455 me
545 2391 675 2456 adtinet.
699 2390 782 2455 serie
806 2409 863 2455 nes
887 2390 950 2454 ista
973 2409 1067 2473 quam
1095 2390 1171 2455 ludo
1202 2408 1295 2475 agere
1322 2391 1450 2455 mallem.
1515 2384 1516 2455 l

315 2498 455 2580 quodsi
482 2498 543 2565 hcc
571 2499 705 2563 uerbum
733 2496 794 2562 tibi
821 2499 950 2580 propter
977 2496 1165 2562 facilitatem
1194 2516 1309 2579 ponere
1332 2498 1450 2582 placuit,

315 2623 373 2687 ego
397 2604 498 2670 fateor
521 2604 625 2671 maius
649 2604 770 2687 aliquid
794 2608 904 2687 expete
929 2623 948 2667 a
970 2603 1165 2688 benignitate
1189 2604 1307 2669 uirium
1335 2607 1449 2668 tuarum
1515 2600 1516 2695 l

311 2712 542 2795 prudentiaque
565 2716 631 2777 tam
655 2711 748 2776 docta
771 2714 804 2775 et
827 2711 940 2789 etiosa,
966 2729 1093 2788 annosa,
1119 2710 1274 2788 studiosa,
1298 2710 1448 2794 ingeniosa
1464 2724 1483 2761 u
1515 2726 1516 2799 ι

400 2974 470 3025 1-9
490 2974 522 3026 er.
543 2991 568 3042 p.
587 2972 648 3034 arc,
670 2972 783 3031 1-274.
806 2971 838 3026 ιο
894 2975 998 3027 ιιι-ιι
1018 2996 1052 3019 =
1075 2990 1099 3042 p.
1121 2974 1182 3033 aer,
1203 2974 1274 3026 s-e

346 3148 490 3201 ‘lconieeo
510 3148 565 3202 IP²
586 3153 660 3212 (11.2
678 3148 793 3213 conicio)
879 3152 907 3201 te
926 3164 986 3208 em..
1006 3152 1104 3203 m.1s
1123 3165 1151 3201 u.
1172 3148 1238 3202 add.
1259 3148 1291 3201 H
1374 3149 1390 3203 3
1407 3150 1445 3203 de·
1515 3162 1516 3165 ’

311 3233 416 3305 plerabi
429 3235 481 3290 HI
550 3236 698 3290 tantumA
770 3254 820 3291 nos
839 3236 891 3306 ΟΕ
942 3237 1069 3291 itantae
1089 3236 1224 3291 amicitiae
1239 3236 1266 3289 A
1326 3254 1449 3308 quaquam
1515 3268 1516 3297 2

311 3342 418 3379 uersum
436 3326 495 3379 ΗΡ
566 3342 599 3379 ea
616 3324 788 3394 PQMAER
864 3324 1008 3381 diffuderet
1027 3324 1261 3396 PdefuderatQ
1350 3326 1449 3381 diuam
1515 3330 1516 3367 ἶ

311 3432 361 3469 ons.
384 3412 437 3482 ΘΕ
524 3416 551 3468 in
571 3432 604 3468 ea
622 3414 753 3484 reliquam
777 3415 856 3483 culpa
877 3414 907 3467 H
995 3414 1116 3467 lausim
1136 3412 1225 3467 dicere
1245 3430 1278 3469 ee
1292 3430 1362 3470 corr.
1379 3422 1447 3474 m.2;
1515 3404 1516 3447 ἕ

306 3504 398 3571 suasae
414 3504 472 3559 uid.
492 3504 552 3559 ausi
569 3504 688 3559 indicere
706 3502 745 3558 P¹
763 3521 845 3559 ausus
863 3505 915 3558 sim
935 3503 1021 3558 dicere
1043 3502 1122 3572 Qua
1180 3502 1240 3574 sed]
1259 3522 1288 3557 se
1305 3505 1334 3558 P
1384 3504 1449 3558 delet
1515 3524 1516 3569 l

310 3594 427 3647 humana
444 3594 555 3647 miseria
568 3595 622 3664 QE
719 3594 842 3647 miseria·
856 3594 884 3647 P
900 3592 1111 3647 misericerdiam
1126 3594 1152 3645 A
1252 3594 1340 3663 euius]
1360 3610 1415 3648 cum
1428 3593 1450 3646 P

311 3684 353 3737 cui
373 3700 431 3736 eum
450 3682 488 3736 M
505 3698 564 3736 cum
583 3683 637 3735 ium
656 3683 681 3734 A
782 3682 928 3736 8murtua
948 3686 1003 3750 (pr.
1024 3699 1041 3735 ιι
1061 3698 1094 3736 ee
1112 3698 1180 3738 cerr.
1199 3698 1233 3735 m.
1244 3686 1276 3747 2‚·
1289 3682 1380 3750 fuisse
1396 3682 1448 3735 reid.
1515 3684 1516 3687 ’

310 3776 336 3833 ο)
356 3772 392 3825 Μ
480 3772 496 3824 9
519 3772 674 3835 malueram,
698 3774 729 3824 ie
752 3788 837 3841 marp.
862 3773 1000 3825 uolucrum
1019 3770 1041 3823 I
1059 3771 1199 3824 mulierem
1219 3770 1284 3824 PM
1300 3776 1379 3837 (cerr.
1398 3774 1450 3823 m.l
1515 3790 1516 3819 ι

308 3860 457 3923 mulierem,
476 3863 541 3915 Μ
558 3860 707 3927 nolueram)
773 3860 807 3914 10
825 3861 933 3930 scriptia
952 3860 973 3915 I
1042 3876 1225 3931 poposcerem‚
1245 3876 1313 3915 coer.
1332 3865 1391 3915 nui
1406 3876 1447 3928 pe·
1515 3886 1516 3899 ι

308 3966 446 4019 poscerem
464 3949 501 4003 Μ
555 3950 585 4001 11
606 3949 733 4003 intimare
751 3949 869 4019 PQME
921 3948 1031 4019 quidam
1051 3948 1318 4016 (aminras.m.1)
1338 3947 1447 4018 Qquid·
1515 3946 1516 3949 ’

309 4036 370 4091 dam
389 4038 416 4089 A
472 4040 505 4091 12
523 4038 668 4106 impetrare
689 4037 743 4106 QE
798 4038 830 4091 la
848 4041 879 4091 ut
897 4053 947 4093 om.
967 4039 994 4090 A
1051 4038 1083 4092 16
1101 4036 1284 4091 laudamusl
1351 4040 1378 4091 et
1395 4036 1447 4106 qui·

310 4126 369 4179 dem
387 4124 593 4181 HPMIAP¹R
648 4126 753 4181 laseri
773 4126 891 4181 onueH
961 4142 1069 4197 agerem
1089 4131 1128 4193 (m
1147 4126 1257 4197 ἀθὴρ
1310 4126 1343 4179 le
1361 4142 1448 4193 magus

309 4218 335 4268 A
354 4216 441 4284 magis
455 4214 571 4283 Peme
640 4218 751 4285 expecto
764 4215 818 4270 HI
887 4214 1326 4287 abeuignitate-prudentiaque
1341 4230 1391 4269 om.
1405 4212 1450 4266 HI

309 4302 344 4356 20
362 4302 441 4357 docte
460 4302 497 4356 P¹
516 4303 597 4358 docet
616 4304 642 4357 P
726 4308 754 4357 et
773 4305 861 4359 otiosa
879 4320 930 4357 era.
950 4304 987 4357 P¹
1078 4308 1172 4358 stuoaa
1192 4304 1218 4357 P
1305 4302 1446 4373 ingeniosa.

308 4396 371 4444 m.2
389 4392 562 4461 ingeniosam
581 4393 618 4446 Ρ1
638 4393 789 4462 ingenucsa
807 4394 833 4445 A
1515 4400 1516 4409 ’
