3092 5217
497 520 761 590 epistularum
791 520 888 577 CVIII.
1199 524 1261 589 621

113 718 199 800 quia,
232 718 259 782 si
289 718 360 800 quis
388 718 561 793 alterutris,
590 716 706 799 quibus
736 715 822 780 uliud
851 716 988 795 uidetur,
1022 736 1117 800 quam
1145 716 1263 781 ueritas

112 824 221 901 babet
235 825 394 890 humanus
409 842 493 889 error
506 824 682 907 inrepserit,
697 824 835 888 fraterna
850 824 1017 889 eoncordia
1032 824 1193 890 custodita
1211 842 1264 889 ca-

111 930 209 995 ritas
229 931 400 1013 cunperti
418 930 514 995 etiam
530 930 821 996 multitudinem
840 934 1097 1015 pennatorum:
1114 930 1193 997 hanc
1208 930 1263 995 ille

113 1039 162 1103 sie
181 1038 295 1118 tenuit,
311 1038 359 1103 sie
372 1037 502 1116 amauit,
516 1041 563 1114 ut,
579 1037 608 1101 si
626 1037 703 1119 quid
722 1038 824 1114 aliter,
841 1054 936 1120 quarn
950 1056 1001 1103 res
1016 1041 1074 1117 est,
1092 1036 1130 1101 de
1143 1037 1264 1119 baptis-

84 1146 159 1209 smi
188 1146 385 1209 sacramento
414 1148 573 1225 sapuerat,
602 1142 634 1207 id
658 1162 784 1226 qunque
809 1142 887 1209 deus
915 1144 963 1209 illi
987 1144 1151 1222 reuelaret
1181 1144 1266 1209 sieut

115 1251 282 1335 apostolus
306 1251 457 1317 trabibus
475 1250 507 1314 in
528 1251 659 1315 caritate
677 1251 917 1316 ambulantibus
937 1252 1027 1316 dicit:
1053 1250 1265 1333 Quotquot

116 1378 212 1443 ergo
251 1357 440 1439 perfecti,
481 1357 555 1422 hnc
592 1357 816 1439 sapiamus
860 1361 899 1422 et
936 1358 970 1423 si
1007 1358 1103 1442 quid
1141 1358 1265 1422 aliter

116 1464 281 1546 sapitis,
318 1463 358 1527 id
391 1482 550 1547 quoque
585 1463 707 1529 uubis
741 1464 840 1529 deus
872 1465 1090 1530 reuelabit.
1129 1482 1264 1528 uerum

115 1574 250 1634 tamen
282 1571 318 1635 in
348 1570 453 1653 quod
485 1571 759 1653 paruerimus,
793 1571 832 1637 iu
862 1591 904 1637 eo
934 1574 974 1635 st
1001 1570 1263 1636 ambulemus.

74 1702 98 1738 ιο
117 1678 184 1741 hue
198 1677 331 1754 secedit,
347 1677 496 1761 quoniam
510 1677 711 1742 mustuosum
728 1681 933 1757 sarmentum,
949 1678 975 1743 si
992 1676 1113 1761 aliquid
1130 1677 1266 1742 habebat

117 1778 224 1848 adhue
246 1784 456 1868 purgandum,
476 1784 571 1849 etium
597 1784 735 1869 glondusu
754 1785 897 1868 martyrii
915 1785 996 1850 falce
1015 1788 1185 1870 purgatum
1205 1788 1264 1859 est,

116 1910 181 1955 non
215 1890 290 1973 quia
325 1910 380 1975 pro
420 1890 538 1956 Christi
579 1892 706 1956 nomine
744 1892 871 1956 ueniens
908 1898 967 1969 est,
1005 1890 1061 1956 sed
1098 1890 1173 1973 qnia
1208 1908 1264 1973 pro

118 1996 240 2062 Christi
262 1997 387 2063 nomine
409 1998 441 2061 in
465 1998 585 2081 gremio
608 1998 742 2063 unitatis
767 1999 890 2063 occisus
911 2000 970 2063 est.
990 2017 1062 2062 num
1080 1998 1149 2080 ipse
1169 1996 1266 2079 serip—
1311 2075 1313 2079 v

118 2104 163 2167 sit
191 2108 225 2168 et
255 2103 463 2169 fidentissime
501 2103 620 2168 adserit
651 2124 715 2180 ens,
750 2105 804 2187 qui
837 2108 923 2169 extra
954 2104 1107 2170 unitatem
1141 2098 1265 2169 etlamsi

77 2234 101 2272 n
120 2229 178 2293 pru
206 2211 263 2275 illo
291 2210 418 2275 nomine
440 2210 625 2278 moriantur.
654 2211 756 2275 occidi
778 2230 885 2294 posse,
914 2194 973 2277 nun
997 2230 1091 2295 posse
1116 2210 1264 2277 coronari.

118 2320 245 2381 tantum
264 2316 352 2381 ualet
374 2316 444 2382 siue
468 2316 507 2381 ad
526 2318 658 2382 delenda
681 2318 751 2384 sine
769 2318 810 2382 ud
829 2317 1039 2384 confirmanda
1061 2320 1191 2401 peccata
1212 2316 1265 2380 uel

119 2422 283 2487 custodita
305 2422 359 2487 uel
381 2423 502 2489 uiolata
525 2424 639 2489 caritas
664 2426 806 2491 unitatis.

39 2538 73 2598 lb
164 2530 239 2612 Ipse
275 2548 350 2612 ergo
385 2528 441 2593 ille
481 2528 656 2613 Cyprianus
693 2547 767 2595 eum
803 2550 859 2614 per
894 2532 1063 2614 impierum
1100 2528 1267 2614 gentilium

117 2635 375 2718 persecutionem
397 2639 526 2701 uastata
552 2637 686 2701 ecelesia
708 2638 829 2701 multos
857 2638 1022 2721 plangeret
1043 2637 1151 2718 lapsus
1175 2634 1268 2699 malis

74 2772 101 2813 ao
121 2744 182 2808 bne
210 2742 353 2807 muribus
381 2743 526 2809 tribuens
555 2762 674 2820 eorum,
705 2743 760 2824 qui
787 2744 818 2807 in
846 2744 917 2825 ipsa
940 2744 1073 2808 ecelesia
1097 2742 1269 2808 damnabili
1367 2738 1372 2749 '

120 2850 362 2914 conuersatione
385 2850 548 2928 uidebant,
573 2850 612 2914 de
632 2850 827 2934 collegarum
851 2869 979 2915 suorum
1004 2850 1147 2915 moribus
1171 2848 1270 2933 gemit

29 2950 32 2955 ’
120 2974 180 3020 nee
213 2974 308 3019 snum
342 2955 498 3041 gemitum
531 2957 659 3021 silentio
687 2957 780 3041 tegit,
814 2957 870 3021 sed
898 2958 976 3022 diuIt
1004 2976 1057 3023 eos
1090 2958 1121 3021 in
1149 2959 1269 3021 tantam

121 3062 331 3146 cupiditatem
354 3062 455 3128 fuisse
479 3083 676 3147 progressos,
700 3068 737 3128 ut
755 3064 980 3129 ‘esurientibus
1002 3065 1096 3129 etiam
1119 3064 1150 3128 in
1171 3063 1270 3127 eecle-

121 3171 169 3234 sia
200 3169 351 3234 sratribus
384 3169 499 3234 habere
532 3173 698 3254 argentum
730 3171 862 3255 largiter
889 3172 1020 3249 uellent,
1052 3170 1167 3236 fundus
1194 3170 1269 3234 insi·

75 3304 101 3343 25
121 3276 223 3341 diesis
245 3274 411 3340 fraudibus
430 3280 585 3358 raperent,
610 3278 717 3341 usuris
735 3278 1023 3360 multIplieantibus
1047 3278 1157 3343 faenus
1177 3296 1270 3360 auge-

119 3386 211 3447 rent‘.
230 3385 308 3465 puto
325 3382 463 3447 istomm
487 3382 630 3462 auaritia,
650 3384 769 3467 rapinis
794 3387 826 3449 et
848 3368 971 3449 fuenbre
996 3384 1184 3469 Cypriannm
1209 3402 1269 3447 nnn

211 3589 353 3643 21Petr.
372 3591 397 3653 4,
417 3590 434 3644 8
485 3593 501 3645 6
520 3590 591 3644 Phil.
611 3591 636 3655 3,
657 3592 762 3646 15-16
806 3593 840 3645 14
860 3590 937 3662 Cypr.
958 3592 990 3647 de
1010 3592 1110 3647 cathol.
1130 3594 1194 3647 ecel.
1209 3594 1269 3647 nni·

119 3684 179 3735 tate
199 3697 222 3735 e.
243 3680 277 3733 14
296 3697 322 3749 p.
336 3680 398 3742 223,
419 3680 452 3734 10
472 3679 513 3733 ed.
533 3680 636 3734 Hartel.
694 3680 726 3734 18
742 3679 775 3734 de
794 3680 878 3751 lapsis
898 3698 920 3735 e.
939 3684 1010 3736 4-6
1079 3683 1113 3737 23
1133 3682 1270 3753 delapsis

120 3788 142 3825 e.
163 3772 180 3824 6
199 3786 227 3838 p.
246 3769 308 3835 241,
327 3769 398 3822 2-4
418 3768 459 3823 ed.
478 3769 582 3823 Hartel.

157 3909 277 3965 3etium
296 3910 417 3978 cooperit
440 3908 498 3964 VII
513 3910 572 3964 edd.
646 3910 808 3982 bquodque
827 3912 855 3965 P
925 3914 1074 3967 destitute
1093 3914 1121 3965 P
1191 3917 1271 3983 qunt-

120 3998 374 4070 qundPetquot
396 3998 492 4053 VUle
541 4000 942 4062 8uubisom.‚m.1add.P
990 4002 1123 4056 9etom.
1144 4000 1269 4055 VUedd.

122 4090 154 4144 11
176 4088 549 4143 etiamom.metVUlsr
613 4090 646 4143 12
665 4091 730 4160 non]
751 4107 820 4143 nnnc
843 4088 896 4145 VU
958 4092 992 4144 14
1011 4092 1153 4145 asseruits
1211 4091 1271 4143 uni-

119 4179 179 4230 tate
197 4176 226 4229 P
316 4178 349 4231 19
368 4180 554 4247 persecutioue
572 4178 600 4232 P
692 4179 784 4249 lapsus
809 4178 836 4233 U
922 4180 1003 4234 2211]
1023 4184 1102 4233 tante
1121 4178 1271 4248 eupiditate

121 4264 201 4319 codd.
221 4266 279 4319 ter
350 4268 456 4321 24-25
476 4268 547 4321 uelle
558 4310 564 4321 .
576 4312 582 4322 .
594 4312 600 4323 .
611 4286 867 4339 rapere...uugere
886 4268 919 4333 P,
938 4268 1010 4323 sieut
1028 4274 1067 4323 est
1084 4269 1116 4322 in
1136 4268 1273 4338 Cypriani

121 4354 215 4408 libello
270 4355 305 4408 26
323 4354 414 4423 piguis
428 4355 455 4407 P
467 4354 558 4409 fundis
578 4356 632 4411 VU
649 4356 708 4411 edd.
714 4376 725 4424 ;
742 4357 843 4426 scripsi
857 4358 958 4427 rapinis
1027 4356 1194 4428 'Cypriauum
1209 4375 1271 4412 omn

122 4444 153 4496 in
170 4461 257 4514 murp.
278 4442 396 4499 addi]
