3092 5217
521 470 785 541 epistularum
812 473 921 528 xcvu.
1221 483 1287 546 519

140 665 349 730 deliberatum
377 666 498 748 aliquid
524 665 614 746 ferre,
644 671 798 749 quantum
825 670 978 752 temporis
1004 671 1208 754 permittebat
1235 695 1287 740 an·

140 773 257 856 gustis.
285 773 366 837 illud
393 775 508 849 tamen,
537 792 599 855 quo
628 774 769 839 animum
793 775 1034 842 elementissimi
1057 783 1091 842 et
1115 780 1287 865 religiosis·

140 880 212 946 simi
246 882 396 964 principis
430 901 504 966 erge
532 882 699 947 eeclesiam
727 884 891 966 prouincia
918 885 1052 964 nouerit,
1076 886 1164 951 nullo
1192 888 1286 952 modo

140 1006 208 1052 esse
235 988 452 1066 differendum,
482 988 658 1054 sedetiam
682 994 853 1073 antequem
877 991 1053 1074 episcopos,
1079 993 1132 1075 qui
1154 994 1287 1075 profecti

111 1097 224 1168 esunt,
253 1094 373 1172 uidene,
404 1113 497 1177 quem
526 1097 664 1179 primum
690 1099 747 1160 tun
775 1097 1050 1180 praestantissima
1079 1119 1135 1182 pro
1169 1099 1287 1165 Christi

138 1201 291 1266 membris
318 1201 351 1265 in
378 1202 582 1266 tribulatione
614 1203 751 1270 maxima
784 1202 967 1268 constitutis
1000 1205 1168 1289 uigilantia
1195 1210 1287 1290 potu-

140 1311 207 1385 erit,
233 1308 470 1374 ecoelersndum
495 1328 643 1394 suggero,
667 1312 751 1394 peto,
777 1311 916 1386 obsecro,
935 1310 1056 1395 flagito.
1079 1331 1180 1394 neque
1204 1313 1286 1378 enim

137 1434 272 1498 paruum
295 1415 328 1480 iu
352 1416 403 1480 his
426 1416 519 1482 mulis
544 1416 695 1482 solatium
715 1417 861 1483 dominus
881 1417 1009 1496 obtulit,
1029 1419 1114 1500 quod
1132 1423 1165 1483 te
1183 1419 1288 1483 uoluit

140 1523 242 1587 multo
276 1522 412 1606 emplius
444 1541 550 1604 posse,
585 1543 680 1606 quem
711 1527 849 1608 peteres,
883 1524 1007 1607 quaudo
1044 1524 1108 1590 iem
1146 1525 1184 1590 de
1220 1527 1286 1591 tuis

100 1629 250 1694 smaltis
276 1633 309 1693 et
330 1629 454 1714 magnis
478 1630 569 1694 bouis
593 1631 742 1714 operibus
767 1630 997 1716 gaudebamus.

79 1729 95 1788 4
184 1737 326 1800 Multum
353 1754 427 1800 sane
451 1735 489 1800 de
513 1735 709 1818 quorundam
732 1755 836 1818 neque
858 1755 1031 1818 paucorum
1058 1736 1120 1800 fide
1143 1736 1233 1802 firma
1256 1742 1288 1802 et

138 1842 248 1906 stabili
290 1843 497 1926 gratulamur,
540 1841 595 1925 qui
637 1862 673 1907 ex
710 1842 875 1908 occasione
916 1844 1025 1928 legum
1065 1845 1205 1928 ipsarum
1248 1844 1288 1910 ad

140 1948 353 2014 Christianum
380 1948 565 2032 religionem
592 1950 645 2014 uel
674 1949 863 2014 catholicam
891 1969 999 2033 pacem
1029 1951 1175 2016 conuersi
1202 1953 1287 2028 suut,

138 2075 196 2139 pro
225 2074 360 2137 quornm
392 2056 497 2120 salute
530 2057 721 2138 sempiterno
754 2075 811 2120 nos
844 2056 875 2119 in
909 2057 967 2121 hac
996 2058 1164 2138 temporali
1191 2057 1287 2122 etiem

101 2177 122 2216 1⁵
138 2163 311 2246 periclitari
339 2162 485 2229 delectat.
509 2167 674 2246 propterea
702 2163 786 2228 enim
809 2164 944 2228 maxime
968 2164 1007 2228 ab
1035 2165 1214 2230 hominibus
1242 2165 1288 2228 ni·

139 2269 241 2334 mium
274 2269 449 2352 durumque
482 2270 640 2353 peruersis
670 2289 751 2334 nunc
778 2270 1016 2335 inimicitiarum
1044 2272 1205 2355 grauiores
1229 2272 1287 2334 im-

137 2381 234 2459 petus
254 2376 460 2454 sustinemus,
481 2395 559 2458 quos
579 2377 721 2441 nonnulli
741 2395 849 2441 eorum
871 2377 1037 2442 nobiscum
1056 2377 1287 2460 patientissime

138 2483 313 2558 sustinent;
342 2484 399 2548 sed
426 2483 599 2566 plurimum
626 2482 803 2548 infirmitati
829 2483 1014 2559 metuimus,
1043 2485 1141 2549 donec
1164 2484 1288 2550 discent

139 2594 169 2655 et
193 2589 324 2654 ualeant
341 2589 511 2654 adiuuante
536 2589 833 2655 misericordissima
856 2591 959 2674 gratie
983 2591 1100 2656 domiui
1124 2591 1286 2655 saeculum

99 2711 123 2750 u
138 2715 288 2778 praeseus
317 2699 349 2760 et
373 2695 538 2761 homiuum
566 2697 650 2761 diem
677 2697 789 2762 robore
818 2696 922 2761 cordis
949 2697 1122 2762 ualentiore
1149 2700 1286 2762 contem·

138 2821 220 2867 nere.
256 2803 541 2882 commonitorium,
572 2802 655 2886 quod
683 2804 767 2880 misi,
800 2803 952 2868 iratribus
980 2804 1147 2887 episcopis,
1180 2804 1218 2883 si,
1250 2806 1288 2868 ut

138 2913 227 2992 puto,
257 2909 398 2975 nondum
421 2909 466 2972 ibi
491 2913 574 2986 sunt,
603 2911 642 2974 ab
667 2910 845 2975 eximietate
869 2914 925 2974 tue
947 2910 1012 2974 illis
1036 2910 1186 2988 tradetur,
1215 2929 1287 2973 oum

140 3017 294 3081 uenerint.
332 3021 453 3081 tautam
487 3017 604 3100 quippe
636 3017 684 3081 tui
722 3017 929 3083 sincerissimi
965 3017 1102 3100 pectoris
1134 3016 1288 3081 hebemus

174 3225 284 3294 equod
302 3223 330 3280 R
404 3225 502 3288 enimc,
521 3227 587 3278 Μ
606 3224 723 3279 animum
741 3226 779 3279 Ρι
833 3225 1013 3296 3priucipes,
1031 3229 1098 3279 m.2
1115 3224 1244 3296 principis
1261 3224 1290 3277 P

174 3315 343 3384 prouinciam
361 3315 398 3368 M
415 3317 491 3381 (m.2
509 3313 720 3385 prouinciemq;)
739 3312 858 3368 FAGP²
877 3317 915 3381 (m
934 3319 1017 3381 erce)
1106 3315 1235 3368 noueriut
1252 3313 1291 3366 M

140 3402 351 3459 tdefereuduru
369 3405 396 3456 A
469 3409 519 3472 epo
538 3402 569 3455 F
619 3405 729 3458 5tusm
747 3403 776 3456 P
823 3403 997 3472 6potueriut
1015 3404 1042 3457 A
1060 3406 1208 3474 potueruut
1225 3401 1291 3457 ΜΡ

141 3496 155 3548 7
174 3493 394 3549 aoeeleerandum
413 3491 444 3545 F
460 3492 643 3554 accelerando,
662 3495 728 3546 Μ
746 3492 951 3546 accelerandum
968 3493 1007 3546 M
1076 3492 1093 3546 8
1112 3493 1222 3555 obtulit,
1240 3490 1289 3545 sed

141 3583 173 3636 ob
190 3585 223 3636 in
242 3599 298 3636 roe.
319 3581 425 3652 (m.1?)
444 3581 471 3635 P
523 3581 557 3635 10
576 3598 607 3635 sc
626 3581 685 3635 edd.
760 3581 887 3651 operibus
905 3581 983 3635 bonis
1002 3582 1063 3636 edd.
1115 3584 1146 3635 11
1167 3597 1286 3651 querun-

141 3672 208 3737 dem,
227 3673 295 3726 Μ
313 3670 480 3741 quorundam
497 3670 536 3724 M
587 3669 654 3724 fides
672 3672 700 3724 A
756 3671 790 3724 12
809 3671 949 3724 occasione
967 3687 1029 3725 cum
1045 3687 1103 3726 rue.
1123 3686 1206 3739 cuper
1224 3669 1288 3722 eM

142 3765 173 3816 15
191 3762 307 3816 maxime
326 3761 351 3831 (e
368 3760 483 3814 m.2ire
500 3759 700 3826 rae.21.)M
788 3758 936 3829 eb1edR
1026 3760 1288 3823 nimio,oorr.m.1

141 3849 251 3904 nimium
266 3849 303 3901 M
352 3849 384 3902 16
404 3847 500 3901 durum
515 3851 577 3910 (om.
593 3852 656 3917 que)
671 3848 698 3899 A
714 3847 833 3916 dureque
848 3847 921 3911 σῶς
936 3849 971 3915 cs.
986 3847 1119 3902 Martial.
1134 3848 1193 3902 HI
1204 3850 1252 3911 89,
1267 3851 1287 3900 2

174 3937 309 4006 peruersis
323 3953 357 3991 eo:
370 3953 508 4007 peruerses
522 3936 560 3990 M
632 3935 664 3990 18
687 3935 854 4001 infirmitate,
869 3952 938 3990 corr.
954 3935 1061 4002 (onii)
1082 3936 1235 3990 infirmitati
1247 3935 1285 3988 P¹

142 4024 175 4079 20
193 4025 292 4079 rrnntiem
313 4029 423 4094 (paroc
444 4029 513 4093 roe.)
533 4024 570 4077 P¹
679 4024 776 4078 robore
799 4022 887 4078 cordis
910 4025 1064 4079 ualentiore
1087 4028 1287 4094 contempnere,

141 4113 425 4168 mercimoniis
448 4113 599 4169 ualentiore
623 4117 762 4168 conterere
785 4113 809 4168 0
830 4129 890 4167 eum
908 4112 1004 4167 robore
1024 4113 1111 4168 cordis
1130 4117 1159 4168 et
1176 4113 1217 4183 (et
1234 4112 1286 4166 del.

141 4219 173 4256 m.
184 4207 216 4269 2)
235 4203 386 4258 scientiore
398 4206 588 4272 contempnere
602 4201 639 4256 P¹
676 4203 709 4257 21
726 4202 961 4257 communitorium
976 4202 1007 4256 F
1023 4204 1246 4257 commonitorum
1259 4203 1288 4255 A

175 4292 248 4348 sieut
264 4293 302 4346 P¹
321 4293 392 4348 sicut
409 4293 464 4348 AG
551 4293 586 4347 22
605 4293 715 4347 eximiet
726 4293 729 4360 l
742 4296 815 4357 etue,
834 4308 904 4347 corr.
922 4297 983 4346 ml
1002 4293 1158 4348 eximietate
1170 4289 1175 4342 Ι
1186 4295 1236 4347 tua
1252 4290 1290 4344 M

175 4381 338 4437 tradituro
388 4381 423 4436 23
442 4385 576 4436 uenerunt
593 4381 621 4434 R
