3092 5217
446 491 715 561 epistularum
742 492 915 546 LXXXVIII.
1192 500 1255 563 417

116 702 182 767 ergo
203 684 321 749 melius
344 685 413 767 ipse
436 685 617 767 Imperator,
642 686 697 768 qui
722 704 782 749 non
807 689 857 750 est
880 686 998 751 eisdem
1027 688 1154 772 legibus
1183 690 1257 754 sub·

115 793 192 857 ditus
215 791 325 875 etqui
348 791 445 856 habet
466 791 499 855 in
521 792 681 873 potestate
705 792 784 856 alias
807 792 895 877 leges
920 794 1009 871 ieme,
1034 812 1107 861 cum
1131 796 1161 860 ei
1185 814 1259 861 con·

115 899 182 962 latio
219 901 328 963 nestra
368 896 465 962 fuerit
505 897 652 975 recitata,
695 896 734 960 de
775 900 843 962 tota
888 900 959 979 ipsa
1003 918 1101 965 eausa
1140 902 1258 984 poten't

115 1004 254 1082 iudicare,
279 1005 426 1086 quamuIs
449 1004 513 1068 iarn
543 1003 619 1067 olim
648 1002 733 1068 dicta
759 1002 857 1068 fuerit
883 1004 1063 1071 terminata!
1098 1007 1153 1072 sed
1185 1007 1256 1072 ideo

89 1131 166 1179 snos
195 1112 337 1177 conferre
369 1110 531 1187 uolumus,
560 1129 621 1175 non
649 1116 687 1174 ut
714 1130 810 1175 causa
838 1111 954 1176 iterum
977 1112 1115 1193 finiatur,
1140 1114 1196 1179 sed
1219 1119 1258 1179 ut

114 1219 163 1294 eis,
193 1218 249 1301 qni
282 1218 437 1297 nesciunt,
464 1217 528 1279 ianr
556 1216 647 1281 finita
672 1220 876 1283 monstretur.
901 1218 986 1301 quod
1015 1220 1042 1283 si
1071 1220 1130 1285 hoc
1153 1220 1257 1285 iacere

113 1325 202 1389 nostri
236 1324 378 1407 eptscopi
411 1324 581 1399 noluerint,
615 1323 693 1406 quid
725 1323 797 1388 inde
829 1325 961 1407 perditis
995 1329 1027 1391 et
1059 1346 1120 1391 non
1148 1328 1255 1410 potius

113 1431 284 1515 adquiritis.
300 1431 376 1514 qnia
394 1430 545 1495 uoluntas
564 1435 673 1495 uestra
691 1431 871 1508 innotescit,
891 1451 931 1496 ne
951 1431 1126 1498 diffidentia
1143 1435 1256 1499 merito

113 1538 374 1620 reprehendatur?
398 1556 435 1601 an
459 1538 541 1601 forte
564 1538 686 1618 putatis
709 1558 770 1602 non
794 1538 890 1603 licere
913 1537 991 1617 ficri,
1017 1558 1089 1603 cum
1113 1559 1172 1606 non
1196 1560 1256 1605 uos

79 1668 98 1707 ιο
113 1647 211 1722 lateat,
247 1644 333 1728 quod
366 1645 514 1710 dominus
543 1644 689 1709 Christus
722 1646 816 1709 etiam
851 1664 924 1709 curn
957 1645 1081 1711 diabolo
1115 1646 1153 1712 de
1184 1648 1256 1732 lege

112 1754 233 1817 Iocutus
256 1755 315 1829 est,
340 1752 521 1834 quodcum
545 1751 646 1816 Paulo
670 1770 730 1815 non
755 1753 859 1817 solum
883 1751 993 1817 Iudaei
1018 1754 1073 1817 sed
1097 1754 1193 1819 ctiam
1217 1755 1256 1819 de

113 1860 227 1925 haeresi
250 1860 431 1926 Stoicorum
456 1861 489 1923 et
510 1859 737 1942 Epicureorum
760 1860 943 1942 philosophi
971 1861 1116 1945 gentium
1145 1864 1256 1927 contu-

113 1967 230 2030 lerunt?
263 1986 301 2030 an
335 1966 416 2031 forte
449 1966 529 2030 istae
557 1966 644 2049 leges
673 1965 872 2049 imperatoris
901 1985 959 2031 uos
984 1986 1043 2032 non
1068 1968 1257 2050 permittunt

113 2077 230 2138 nostros
254 2074 423 2157 episcopos
447 2072 635 2137 conuenire?
666 2091 738 2137 ecce
766 2072 893 2137 interim
923 2073 1090 2156 episcopos
1118 2078 1255 2153 nostros,

77 2201 97 2240 s
112 2180 161 2262 qni
192 2184 267 2245 sunt
299 2180 332 2244 in
364 2179 493 2263 regione
525 2178 744 2262 Hipponiensi,
778 2178 834 2243 ubi
863 2200 881 2243 a
908 2181 1024 2245 uestris
1057 2185 1145 2247 tanta
1173 2184 1257 2247 mala

111 2286 253 2367 patImnr,
291 2285 468 2350 conuenite.
509 2288 626 2367 quanto
665 2284 747 2349 enim
786 2284 935 2349 licentius
974 2289 1006 2350 et
1042 2286 1173 2352 liberius
1216 2288 1256 2352 ad

111 2412 163 2457 nos
201 2410 259 2475 per
300 2395 425 2457 uestros
466 2394 575 2455 uestra
617 2391 737 2473 scripta
778 2410 873 2473 quam
915 2410 1023 2456 eorum
1064 2412 1151 2457 arma
1187 2414 1256 2477 per·

113 2499 249 2564 ueniunt!

48 2598 74 2657 ll
151 2607 314 2671 Postremo
352 2625 408 2688 per
442 2606 524 2670 istos
559 2605 648 2689 ipsos
687 2607 801 2670 fratres
839 2608 974 2683 nostros,
1009 2623 1088 2688 quos
1121 2606 1160 2670 ad
1195 2626 1254 2671 uos

78 2732 99 2769 s·
113 2712 264 2789 misimus,
287 2712 366 2776 talia
387 2712 561 2777 rescribIte.
590 2712 618 2776 si
641 2715 748 2776 autem
772 2716 806 2776 ct
829 2713 888 2776 hoc
913 2730 973 2777 non
997 2712 1108 2792 uultis,
1139 2713 1254 2778 saitem

113 2838 179 2882 cum
210 2820 337 2897 uestris,
366 2839 384 2884 a
411 2818 526 2903 quibus
559 2819 637 2883 talia
668 2820 816 2902 patimur,
850 2837 907 2883 nos
940 2818 1058 2885 audite.
1097 2818 1254 2883 ostendite

113 2924 197 2989 nobis
219 2924 398 3003 ueritatem,
421 2944 477 3008 pro
502 2944 565 3007 qua
587 2944 645 2991 uos
669 2926 735 3008 pati
759 2924 867 2989 dicitis
890 2925 1154 3008 persecutionem,
1180 2943 1253 2989 cum

111 3031 262 3111 patiamur
292 3050 350 3096 nos
383 3034 562 3096 uestrorum
594 3034 715 3096 tantam
747 3030 980 3111 crudelitatem.
1019 3030 1047 3095 si
1079 3030 1163 3094 enim
1196 3050 1253 3095 nos

113 3154 176 3200 esse
212 3137 242 3201 in
280 3157 382 3202 errore
415 3136 629 3210 conuiceritis,
661 3137 742 3202 sorte
775 3136 955 3202 concedetis
988 3136 1091 3215 nobis,
1124 3140 1162 3201 ut
1193 3154 1252 3201 non

75 3242 335 3325 screbaptizemur
366 3264 385 3308 a
422 3244 526 3320 uobis,
563 3244 685 3308 iustum
723 3243 951 3318 existimantes,
990 3246 1026 3305 ut
1064 3242 1156 3308 nobis
1193 3242 1253 3307 hoc

111 3352 281 3429 praestetis,
318 3352 373 3433 qni
405 3351 557 3434 baptizati
591 3370 704 3415 sumus
737 3350 775 3414 ab
810 3350 866 3422 eis,
900 3368 980 3432 quos
1014 3350 1101 3415 nullo
1133 3348 1253 3414 iudicIo

111 3454 287 3536 damnastis,
312 3460 397 3541 quod
427 3458 635 3544 praestitistis
664 3457 720 3535 eiS,
750 3476 830 3540 quos
854 3458 1031 3521 Felicianus
1056 3456 1252 3521 Mustitnnus

194 3649 225 3701 10
242 3646 342 3701 March.
361 3645 387 3706 4,
408 3643 496 3697 1-10
552 3646 582 3699 ll
603 3644 663 3703 Aet.
685 3647 726 3709 17,
748 3647 852 3699 17-18

145 3772 155 3823 l
175 3770 299 3834 subditis,
318 3786 386 3825 corr.
406 3774 466 3823 m.1
485 3769 611 3824 subditus
628 3770 667 3822 M
735 3772 752 3825 5
771 3786 820 3823 nos
840 3771 900 3826 edd.
916 3777 1065 3839 praeterm
1128 3772 1144 3824 6
1164 3768 1249 3838 quod]

111 3876 174 3927 quos
187 3860 221 3912 II
254 3861 369 3915 ‘inestri
388 3859 508 3929 episcopi
526 3859 666 3913 noluerint
683 3858 745 3913 edd.
796 3860 942 3913 noluerunt
955 3858 992 3913 Μ
1026 3858 1211 3912 8iunotsscet
1224 3858 1252 3910 A

113 3948 140 4000 ll
159 3948 252 4019 Panlo]
270 3949 353 4019 paulo
371 3948 495 4018 apostolo
509 3946 570 4001 Pm
613 3950 646 4002 13
664 3949 748 4018 ipsae.
767 3966 802 4001 m.
814 3953 828 4001 1
841 3966 928 4017 supra
942 3949 956 4001 I
969 3950 1021 4003 iste
1035 3948 1063 4001 It
1100 3949 1135 4001 14
1149 3935 1212 4001 uros
1226 3947 1254 3999 P

142 4043 278 4092 nestrosm
344 4040 376 4092 15
394 4036 541 4107 ippoliensi
558 4036 597 4090 Μ
612 4037 757 4107 ipponensi
775 4038 802 4092 R
821 4038 991 4107 Hipponensi
1010 4036 1070 4089 cdd.
1137 4036 1170 4091 16
1189 4052 1252 4088 con·

111 4128 243 4182 uenientes
261 4130 288 4181 A
377 4128 412 4181 23
430 4127 551 4197 patImur
568 4126 630 4180 MA
742 4127 779 4179 24
797 4127 824 4179 in
845 4142 933 4180 errore
953 4124 1127 4180 conuicerItis
1146 4140 1205 4177 esse
1224 4123 1252 4177 It

144 4217 314 4271 condiceretis
333 4218 416 4287 (eici)
434 4217 461 4269 A
539 4215 688 4269 conceditis
707 4214 790 4268 FAP
808 4214 868 4268 edd.
885 4220 1033 4283 praeterae
1123 4214 1157 4268 26
1176 4213 1251 4265 nullo

111 4304 188 4359 niodo
205 4306 290 4377 aliquo
309 4307 410 4361 iudicio
428 4304 457 4359 R
511 4306 545 4359 27
565 4304 710 4367 damnatis,
730 4320 800 4358 corr.
820 4309 879 4357 rm
898 4303 1047 4358 damnastis
1066 4303 1097 4356 F
1173 4291 1252 4370 qnosI

113 4393 188 4461 qnod,
207 4412 271 4449 corr.
290 4396 396 4463 (ΜΡ)
416 4412 484 4464 quos
502 4394 538 4448 Μ
609 4394 777 4447 nrustatinus
797 4394 823 4447 A

137 4518 247 4569 xxxrru,
261 4520 319 4571 nug.
334 4526 389 4561 seeo.
405 4520 427 4559 11
441 4531 493 4569 pm
508 4522 528 4561 ι).
1180 4496 1214 4549 27
