3092 5217
526 518 790 587 epistularum
817 517 938 571 XXXVI.
1259 526 1301 588 37

151 717 262 777 autern
295 712 461 777 humiliter
492 712 577 777 fideii
611 712 664 776 uel
697 712 833 777 fideliter
869 713 983 777 humili
1021 716 1205 799 religiosum
1244 721 1303 781 est.

152 819 303 901 quamuis
319 820 503 900 euangelica
518 819 675 902 scriptura
690 838 750 883 non
767 819 880 883 dixerit
890 820 1074 884 damnatum
1084 822 1303 900 Pharisaenm,

153 926 211 990 sed
235 926 339 1009 magis
364 924 576 989 iustificatum
601 924 714 988 dixerit
736 925 954 1007 publicanum.

75 1040 97 1103 8
201 1033 319 1097 Verum
350 1032 378 1097 si
406 1033 466 1097 hoc
494 1032 588 1097 modo
617 1034 747 1113 putauit
773 1033 836 1096 iste
864 1032 1126 1119 intellegendum,
1151 1036 1236 1117 quod
1260 1038 1306 1101 ait

116 1138 319 1203 adominus:
335 1138 717 1203 Nisiabundauerit
734 1139 907 1203 iustitia
925 1141 1170 1223 uestraplus
1186 1162 1302 1224 quam

153 1247 385 1311 scribarum
414 1249 452 1309 at
480 1244 807 1323 Pharisaeorum,
837 1265 910 1310 non
939 1246 1159 1312 intrabitis
1188 1249 1227 1312 in
1250 1268 1303 1313 re·

153 1372 274 1437 gnum
307 1353 521 1429 caelorum,
555 1354 601 1428 ut,
625 1352 688 1415 nisi
721 1352 860 1432 amplius
894 1372 989 1433 quam
1022 1353 1072 1417 bis
1105 1354 1137 1417 in
1171 1356 1302 1420 sabbato

153 1460 345 1538 ieiunemus,
369 1460 430 1523 boc
454 1462 658 1541 praeceptum
682 1478 742 1522 non
766 1460 929 1541 possimus
953 1460 1095 1541 implere,
1115 1460 1195 1525 bene
1220 1462 1305 1543 quod

154 1572 279 1647 septem
308 1566 377 1629 dies
406 1569 491 1643 sunt,
522 1565 577 1647 qui
605 1565 769 1631 uolumine
797 1569 976 1648 temporum
1004 1586 1061 1650 per
1085 1587 1143 1631 sua
1166 1569 1304 1653 uestigia

106 1699 133 1735 ro
154 1676 356 1737 reuocantur.
385 1692 458 1736 cunr
487 1691 561 1755 ergo
591 1691 626 1735 er
654 1671 703 1735 his
732 1671 868 1735 biduum
896 1674 1030 1753 quisque
1060 1674 1237 1750 detraxerit,
1265 1693 1303 1738 ne
1355 1675 1359 1681 '

155 1779 287 1843 sabbato
326 1778 548 1861 dominicoque
585 1778 715 1854 ieiunet,
757 1782 922 1842 remanent
968 1778 1035 1843 dies
1078 1781 1227 1861 quinque,
1265 1780 1304 1844 de

156 1885 273 1966 quibus
297 1884 503 1949 Pharisaeum
528 1904 674 1966 superare
698 1885 803 1967 possit
820 1884 870 1948 bis
889 1884 920 1947 in
946 1885 1077 1950 sabbato
1100 1886 1302 1951 ieiunantem.

155 1998 234 2075 puto
254 1992 350 2068 enirn,
366 1991 462 2073 quod,
480 1992 507 2055 si
526 1995 574 2056 ter
587 1993 619 2056 in
635 1992 766 2056 sabbato
788 1992 923 2075 quisque
942 1993 1073 2071 ieiunat,
1087 1994 1151 2057 ianr
1175 1996 1305 2075 superat

157 2098 376 2171 Pharisaeum,
401 2097 455 2179 qui
483 2097 532 2161 bis
561 2098 592 2162 in
623 2098 754 2163 sabbato
782 2099 954 2163 ieiunabat.
979 2099 1064 2181 quod
1088 2100 1116 2163 si
1139 2102 1171 2163 et
1195 2103 1305 2181 quater

107 2230 135 2269 ιε,
155 2208 209 2270 nel
243 2207 351 2281 etiam,
384 2210 421 2269 ut
453 2205 561 2269 nullus
595 2206 716 2269 dierum
751 2210 880 2289 excepto
915 2206 1046 2271 sabbato
1081 2211 1113 2272 et
1145 2206 1302 2271 dominico

155 2313 438 2396 praetermittatur,
458 2312 488 2375 in
508 2310 705 2376 hebdomade
725 2312 893 2395 quinquies
917 2313 1086 2393 ieiunatur,
1107 2313 1190 2396 quod
1210 2313 1303 2376 multi

156 2423 224 2483 tota
253 2419 322 2482 uita
349 2438 409 2482 sua
435 2418 557 2481 faciunt
584 2417 718 2482 maxime
746 2417 778 2481 in
805 2418 997 2483 monasterio
1031 2419 1209 2497 constituti,
1241 2438 1303 2484 non

156 2526 262 2592 solnm
285 2524 488 2600 Pharisaeus,
513 2524 640 2605 quibis
664 2523 695 2587 in
721 2523 854 2589 sabbato
878 2525 1049 2602 ieiunabat,
1074 2543 1185 2589 uerum
1208 2525 1304 2589 etiam

156 2632 372 2711 Christianus,
391 2632 446 2713 qui
470 2634 582 2712 quarta
606 2634 638 2695 et
662 2635 750 2695 serta
774 2634 806 2695 et
828 2632 899 2713 ipso
919 2632 1051 2696 sabbato
1074 2631 1214 2695 ieiunare
1233 2650 1303 2695 oon-

107 2740 275 2817 manauit,
300 2738 386 2821 qnod
409 2738 590 2819 frequenter
612 2738 754 2802 Romana
777 2737 869 2820 plebs
892 2738 982 2813 facit,
1005 2738 1036 2802 in
1063 2739 1170 2802 labore
1193 2737 1304 2801 ieiunii

156 2845 370 2928 superabitur.
396 2848 428 2908 et
449 2849 555 2908 tamen
574 2844 680 2910 nescio
700 2843 771 2926 quis
790 2844 863 2921 iste,
882 2848 920 2907 ut
937 2844 1028 2922 dicis,
1048 2844 1178 2909 urbicus
1197 2843 1305 2925 dispu-

155 2954 251 3029 tator,
280 2950 434 3015 etiamsi
462 2950 597 3031 quisque
627 2950 786 3014 continuis
815 2951 953 3031 quinque
981 2954 1105 3032 praeter
1136 2951 1304 3015 sabbatum

154 3064 188 3123 et
213 3057 410 3123 dominicum
434 3056 547 3121 diebus
570 3057 617 3121 ita
639 3057 769 3135 ieiunet,
794 3061 831 3122 ut
854 3058 941 3122 nullo
966 3058 1016 3121 die
1041 3076 1155 3138 eorpus
1179 3056 1303 3122 omnino

153 3164 289 3237 reficiat,
324 3182 396 3228 enm
429 3163 585 3227 carnalem
619 3166 724 3239 uocat,
749 3163 841 3245 quasi
874 3164 965 3227 cibus
998 3168 1031 3227 et
1060 3166 1158 3243 potus
1191 3162 1304 3226 ceteris

105 3292 133 3332 2⁵
152 3271 272 3337 diebus
295 3290 357 3335 non
381 3270 537 3353 pertineat
561 3269 599 3333 ad
620 3288 755 3345 earnem,
777 3273 809 3333 et
831 3269 1040 3334 uentriculum
1063 3269 1193 3347 indicat,
1214 3268 1304 3349 quasi

152 3378 258 3443 solius
283 3376 408 3441 sabbati
430 3375 598 3457 prandium
622 3375 794 3439 descendat
816 3376 847 3438 in
872 3378 1027 3438 uentrem.

246 3588 263 3639 5
283 3584 382 3640 Matth.
402 3588 426 3647 5,
446 3585 482 3639 20

190 3712 203 3763 1
226 3708 336 3771 humiti,
355 3724 424 3761 corr.
443 3711 504 3761 aral
521 3706 617 3761 humili
631 3706 659 3759 P
711 3706 728 3759 3
747 3706 817 3759 dixit
834 3706 895 3759 edd.
949 3706 967 3759 4
984 3709 1065 3776 putat
1083 3702 1227 3758 P¹P²P³r
1244 3704 1303 3758 edd.

149 3802 219 3853 iet
241 3796 332 3851 Tim
404 3796 584 3865 8praecepto
605 3796 650 3849 lua
727 3811 871 3863 possumus
894 3794 946 3847 Ta
1019 3794 1051 3848 ll
1073 3794 1259 3862 dominicaque
1281 3794 1308 3847 T

188 3888 235 3957 de]
254 3887 284 3939 in
303 3883 447 3939 P¹P²P³T
464 3884 525 3940 edd.
570 3885 602 3939 13
622 3885 682 3953 quis
701 3884 761 3938 edd.
776 3890 923 3952 praetera
965 3884 1125 3951 laeetana
1146 3881 1172 3934 Τ
1207 3884 1240 3935 15
1255 3880 1303 3935 do·

147 3976 255 4031 minica
278 3974 305 4029 T
348 3975 381 4028 16
400 3974 536 4028 ieiunetur
554 3972 701 4027 P¹P²P³T
719 3989 796 4026 cem
839 3974 871 4026 17
890 3971 1063 4025 monasteriis
1082 3968 1229 4024 P¹P²P³T
1246 3970 1305 4026 edd.

147 4068 185 4122 20
205 4067 234 4119 in
255 4062 403 4118 laboriP²
457 4062 489 4116 21
511 4062 682 4131 supersuitur
701 4062 734 4114 H
786 4060 874 4114 nescit
891 4059 928 4113 ΡΙ
989 4059 1064 4123 dicia,
1084 4075 1152 4112 corr.
1172 4058 1254 4112 discis
1267 4058 1306 4113 P²

147 4158 185 4210 ‘22
206 4155 327 4223 quisquc
347 4151 482 4205 continuis
502 4152 631 4219 quinque]
651 4149 764 4217 quisque
786 4154 848 4214 (om.
865 4149 999 4203 continuis
1018 4148 1148 4217 quinque)
1163 4146 1223 4200 ΗΡ
1233 4149 1304 4216 quic-

147 4260 202 4315 que
227 4244 354 4312 quinque
378 4240 512 4293 continuis
537 4256 556 4292 a
584 4239 645 4308 quis
669 4238 788 4307 quinque
812 4238 947 4291 continuis
971 4242 1030 4291 cett.
1053 4236 1115 4290 edd.
1209 4234 1304 4289 diebus

145 4338 261 4404 praeter
279 4328 427 4383 sabbatum
447 4332 475 4383 et
493 4328 655 4381 dominicum
674 4327 762 4397 siparis
780 4343 849 4381 corr.
862 4326 902 4380 Ρ3
937 4327 972 4380 23
987 4325 1031 4379 die
1045 4325 1087 4379 bis
1102 4324 1142 4395 13¹
1195 4324 1304 4381 omnino

146 4437 249 4493 eorpus
268 4416 380 4473 reficiat
402 4416 427 4471 T
443 4417 550 4471 omnino
569 4415 674 4470 reficiat
693 4432 788 4485 corpus
807 4414 867 4469 edd.
