3092 5217
465 525 730 596 epistularum
758 523 813 577 LX.
842 523 910 577 LXI.
1199 527 1265 592 223

130 721 256 802 epistula
277 768 580 786 .............
606 723 647 797 et,
673 719 796 800 siquis
822 719 859 783 de
882 720 941 784 hae
964 739 997 786 re
1029 725 1062 784 to
1093 721 1263 805 interroga-

130 827 211 903 uen’t
243 826 336 890 etiam
368 845 463 889 mauu
496 844 568 890 mea
598 826 731 908 prolata,
761 825 845 908 quod
874 825 912 889 de
940 824 998 890 hac
1027 845 1059 889 re
1089 827 1262 891 sentiamus

130 935 176 997 uel
203 933 363 1008 faciamus,
397 931 556 997 ostendas.
590 931 673 998 scias
702 951 777 1015 ergo
806 951 862 996 nos
891 951 951 996 non
979 933 1010 996 in
1039 933 1084 996 eis
1114 932 1262 998 detestari

129 1041 184 1104 uisi
205 1039 431 1104 dissensionem
453 1039 607 1120 ipsorum,
630 1057 687 1120 per
709 1057 805 1121 qnam
825 1038 1022 1102 schismatici
1043 1041 1094 1102 nel
1114 1038 1262 1104 haeretici

101 1147 197 1211 electi
226 1149 309 1223 suut,
343 1145 419 1228 quia
449 1145 602 1211 ecclesiae
635 1144 809 1210 catholicae
842 1145 997 1209 unitatem
1031 1150 1063 1208 et
1094 1145 1262 1210 ueritatem

128 1273 181 1317 non
211 1256 317 1316 tenent
342 1253 374 1316 in
403 1271 451 1325 eo,
481 1251 565 1334 quod
592 1270 704 1334 pacem
732 1271 806 1316 cum
833 1251 950 1334 populo
976 1249 1025 1314 dei
1049 1271 1110 1316 non
1134 1252 1260 1330 bahent,

128 1362 176 1442 qui
195 1363 260 1423 toto
282 1363 438 1423 terrarum
462 1359 537 1422 orbe
561 1357 759 1434 diffunditur,
784 1359 816 1420 et
838 1357 870 1420 in
894 1377 940 1430 eo,
965 1358 1050 1438 quod
1072 1358 1103 1422 in
1128 1359 1261 1422 homini-

127 1469 180 1530 bus
217 1467 411 1548 baptismum
451 1463 571 1529 Christi
612 1482 674 1529 non
716 1467 904 1546 agnoscunt.
924 1541 925 1544 Ἴ
947 1464 1149 1546 inprobamus
1187 1485 1260 1550 ergo

126 1574 233 1637 malum
267 1590 414 1646 errorem,
447 1570 524 1653 quia
562 1589 654 1635 suum
688 1570 820 1647 habent3
858 1571 978 1635 bonum
1009 1575 1114 1636 autem
1148 1591 1260 1636 nomen

89 1680 202 1761 mquod
227 1678 275 1743 dei
303 1678 420 1742 habent
447 1683 480 1742 et
507 1681 739 1742 sacramentum
768 1679 837 1742 sius
865 1678 1068 1762 agnoscimus
1096 1679 1128 1743 in
1159 1679 1204 1743 eis
1229 1683 1261 1744 et

126 1803 299 1849 ueneremur
322 1791 354 1849 et
378 1784 608 1868 amplectimur.
632 1783 689 1848 sed
710 1788 878 1866 propterea
901 1784 1046 1849 dolemus
1072 1789 1207 1850 errantes
1228 1790 1260 1850 et

127 1911 174 1956 eos
202 1912 255 1974 per
286 1893 450 1956 caritatem
478 1890 598 1956 Christi
629 1890 745 1955 lucrari
778 1891 836 1956 deo
865 1891 1021 1974 cupimue,
1050 1896 1088 1955 ut
1114 1894 1258 1956 sanctum

127 2003 355 2077 sacramentum,
384 1997 469 2080 quod
495 1997 572 2062 foris
601 1997 639 2061 ab
664 1998 799 2062 ecclesia
821 1998 939 2062 habent
961 1997 1000 2062 ad
1023 1999 1202 2080 perniciem,
1226 1999 1257 2063 in

127 2123 195 2184 pace
216 2105 366 2170 ecclesiae
389 2104 525 2169 habeant
548 2103 588 2167 ad
612 2105 760 2170 salutem.
786 2103 813 2168 si
833 2123 906 2188 ergo
926 2104 1080 2168 tollantur
1098 2105 1135 2168 de
1155 2105 1256 2169 medio

90 2213 200 2277 lamala
228 2213 391 2277 homiuum
425 2219 458 2276 et
489 2211 681 2276 honorentur
711 2210 744 2274 in
778 2210 960 2275 bominibus
994 2211 1076 2275 bona
1109 2211 1169 2288 dei,
1199 2213 1258 2276 erit

125 2319 248 2383 fmterua
279 2317 446 2384 concordia
473 2321 505 2382 et
532 2317 679 2381 amabilis
707 2337 777 2401 par,
805 2323 841 2380 ot
867 2318 898 2380 in
923 2317 1070 2382 cordibus
1094 2317 1257 2383 hominum

127 2426 222 2490 circat
242 2424 479 2509 persuasionem
502 2424 622 2489 diaboli
646 2424 760 2488 caritas
786 2423 913 2488 Christi.

56 2535 70 2594 2
162 2533 265 2615 ltaque
294 2552 366 2597 cum
394 2533 434 2596 ad
461 2550 520 2597 uos
542 2532 677 2596 ueniunt
700 2550 736 2594 er
759 2535 847 2614 parte
871 2530 998 2606 Donati,
1022 2530 1105 2594 mala
1129 2530 1255 2594 illorum

123 2659 178 2702 nou
210 2639 412 2722 suscipimus,
448 2637 481 2702 id
514 2642 565 2702 est
596 2637 822 2702 dissensionem
857 2641 888 2701 et
922 2656 1066 2714 errorem,
1100 2636 1155 2700 sed
1187 2637 1257 2719 ipsa

86 2745 262 2809 adtolluntur
298 2745 336 2809 de
374 2743 478 2808 medio
519 2747 684 2825 tamquam
724 2741 951 2824 impedimenta
992 2741 1185 2821 concordiae,
1225 2746 1257 2806 et

122 2851 330 2933 amplectimur
351 2849 464 2914 fratres
488 2851 610 2914 stantes
634 2868 707 2913 cum
733 2849 789 2926 eis,
810 2849 895 2913 sicut
919 2849 997 2914 dicit
1019 2848 1193 2930 apostolus,
1217 2849 1254 2912 in

121 2957 268 3021 unitate
301 2956 477 3040 spiritus
509 2954 548 3018 in
582 2954 750 3020 uinculo
783 2956 897 3038 pacis
930 2959 1197 3038 et.agnoscentes
1221 2955 1253 3018 in

123 3063 163 3126 eis
190 3063 269 3127 bona
300 3062 361 3140 dei,
394 3063 463 3128 siue
497 3066 643 3126 sanctum
675 3062 872 3143 baptismum
906 3061 974 3126 siue
1001 3060 1254 3125 benedictionem

124 3168 312 3233 ordinationis
328 3169 398 3235 siue
417 3169 627 3233 continentiae
646 3167 876 3250 professionem
896 3169 965 3233 siue
985 3167 1251 3252 consignationem

95 3273 300 3357 auirginitatis
333 3276 403 3338 siue
434 3274 529 3339 fidem
560 3275 713 3339 trinitatis
746 3278 779 3339 et
812 3275 839 3338 si
873 3294 935 3356 qua
967 3274 1028 3337 aliu
1060 3277 1144 3352 sunt,
1174 3293 1253 3356 quae

130 3381 226 3459 omnia,
248 3383 340 3446 etiarn
366 3382 394 3444 si
418 3385 516 3456 erant,
540 3381 621 3445 nihil
643 3384 749 3446 tamen
778 3381 956 3465 proderant,
986 3379 1108 3462 qnando
1138 3380 1252 3444 caritas

132 3503 182 3548 non
206 3492 274 3551 erat
306 3490 378 3571 quis
407 3469 513 3552 autem
541 3507 614 3552 uere
639 3486 717 3551 dicit
740 3507 773 3552 se
797 3488 910 3552 habere
936 3485 1054 3552 Christi
1078 3486 1251 3562 caritatem,

207 3677 236 3730 21
253 3678 316 3748 Eph.
335 3681 361 3742 4,
380 3679 397 3732 3
448 3680 482 3734 26
501 3678 514 3731 Ι
534 3677 593 3733 (lor.
614 3678 657 3739 13,
677 3679 693 3732 3

169 3798 300 3868 lepislule
320 3803 437 3856 scribere
460 3805 491 3854 ut
515 3802 538 3854 si
552 3801 638 3869 fler
661 3801 779 3870 epistola
802 3800 997 3870 exprimerent
1016 3800 1038 3853 si
1057 3817 1095 3867 m;
1121 3801 1252 3854 laccorum

148 3885 271 3955 omificooi
348 3890 422 3959 quid,
442 3891 669 3958 corr.m.1qnis
692 3889 719 3944 U
797 3893 825 3943 te
845 3889 878 3942 de
896 3889 948 3942 hac
967 3907 995 3943 re
1014 3888 1072 3943 HR
1153 3893 1180 3942 tc
1199 3906 1250 3943 om.

154 3971 194 4026 111
233 3977 398 4046 introgauerit
419 3979 445 4031 Τ
495 3978 597 4048 tquid
620 3978 646 4032 U
662 3979 722 4031 edd.
778 3979 905 4031 deorum
928 3977 956 4032 U
1007 3977 1108 4032 5sacti
1128 3995 1178 4031 om.
1199 3977 1253 4032 VU

155 4059 308 4130 lhaptismum
326 4067 467 4122 christiin
485 4067 639 4122 hominibus
657 4067 717 4121 HR
761 4067 874 4136 tergo]
895 4071 985 4121 autem
1002 4067 1057 4120 VU
1100 4069 1249 4120 terrorem

158 4148 262 4204 mdrmV
320 4157 366 4225 qui
384 4173 462 4209 suum
480 4157 558 4210 codd.
577 4173 654 4210 suum
675 4173 754 4225 quem
763 4156 787 4223 f
802 4172 894 4208 eorum
913 4173 993 4225 quem
1012 4161 1071 4209 cell.
1092 4156 1168 4222 edd.,·
1185 4172 1249 4209 con-

158 4235 336 4308 toquasuum
399 4247 433 4300 1o
452 4245 495 4300 dei
515 4245 587 4315 quod
610 4245 712 4303 Tedd.
785 4245 812 4297 in
833 4245 871 4298 eis
890 4261 942 4299 om.
967 4245 1021 4300 VU
1082 4247 1114 4299 16
1134 4247 1164 4297 ut
1184 4245 1249 4298 add.

160 4323 255 4382 desis
296 4334 404 4388 cedibus
427 4334 454 4388 V
496 4335 531 4388 20
549 4334 685 4388 tolluntur
702 4333 762 4388 edd.
809 4332 1249 4402 21fratres]fratresn0str0sm

159 4413 185 4464 21
197 4417 234 4470 erit
250 4417 292 4471 VU
358 4424 501 4477 caritatem
520 4423 615 4477 christi
637 4422 664 4476 U
