3092 5217
257 484 322 547 540
611 483 636 536 S.
666 481 802 537 Aureli
832 482 1047 554 Augustini

256 680 309 746 uel
339 681 406 746 'sine
433 679 550 745 nostris
577 679 694 744 littoris
719 679 865 745 disceret.
889 681 939 744 est
962 679 1046 744 enim
1068 700 1125 762 per
1147 686 1293 748 nostrum
1314 683 1400 747 udri-

257 788 390 852 stsrium
427 807 488 853 non
525 787 641 852 litteris
678 787 755 862 illis,
798 805 878 870 quas
915 787 1076 852 uariarum
1114 790 1199 854 serui
1234 789 1403 855 libidinum

255 895 401 959 liberales
421 898 546 972 uooant,
572 894 628 960 sed
647 893 805 960 dominico
823 912 904 977 pane
922 894 1074 974 nutritus,
1094 900 1232 978 quantus
1252 901 1281 961 ei
1299 899 1405 980 potuit

255 1020 310 1084 per
334 1005 458 1066 nostras
483 1002 648 1086 angustias
671 1001 858 1084 dispensari.
1527 1064 1528 1071 ,

213 1105 231 1166 2
302 1107 387 1189 Quid
419 1109 502 1174 enim
536 1109 622 1174 aliud
651 1108 820 1173 dicendum
849 1112 900 1172 est
927 1109 985 1186 eis,
1018 1109 1073 1191 qui
1101 1129 1175 1175 oum
1208 1112 1274 1176 sint
1304 1111 1444 1194 iniquia
1527 1104 1528 1113 ’

256 1221 288 1281 et
309 1215 411 1298 impii,
433 1215 609 1282 liberaliter
631 1215 694 1280 sibi
716 1214 866 1280 uidentur
889 1215 1016 1294 eruditi,
1039 1217 1102 1279 nisi
1125 1217 1211 1298 quod
1232 1219 1266 1281 in
1287 1218 1405 1281 litteris
1527 1208 1528 1213 ’

256 1342 330 1388 uere
350 1324 536 1388 liberalibus
554 1323 710 1407 legimus:
736 1321 777 1388 Si
795 1341 869 1388 uos
886 1323 1007 1388 filius
1025 1323 1286 1403 liberauerit,
1309 1329 1406 1391 tuno

256 1450 349 1496 uere
378 1430 503 1496 liberi
526 1430 668 1495 eritis?
697 1449 753 1512 per
776 1449 1008 1512 somnumque
1034 1434 1226 1512 praestatur,
1254 1437 1292 1498 ut
1317 1433 1406 1516 ipsae

256 1538 362 1616 etiam,
396 1557 477 1621 quae
508 1537 655 1603 liberales
688 1537 873 1620 disciplinae
905 1537 945 1602 ab
978 1537 1035 1616 eis,
1074 1540 1127 1622 qui
1161 1539 1192 1603 in
1223 1539 1406 1605 libertatern

254 1645 362 1709 uocati
394 1665 454 1710 non
488 1647 572 1724 sunt,
609 1645 819 1728 appellantur,
853 1644 930 1726 quid
960 1645 993 1709 in
1026 1663 1061 1710 se
1094 1645 1232 1710 babeant
1262 1645 1405 1724 liberale,
1423 1667 1447 1706 ro

256 1753 414 1817 noscatur.
451 1770 552 1834 neque
586 1751 668 1816 enim
700 1752 820 1816 habent
852 1770 1025 1834 congruum
1058 1751 1211 1826 libertati,
1235 1753 1296 1817 nisi
1322 1754 1407 1836 quod
1527 1742 1528 1811 ἲ

255 1857 373 1922 babent
397 1877 572 1942 congruum
590 1858 728 1923 ueritati.
751 1858 836 1923 unde
859 1858 915 1923 ille
937 1857 1007 1939 ipss
1033 1856 1136 1924 tilius:
1164 1859 1213 1922 Et
1234 1859 1406 1936 ueritas,

256 1963 370 2046 inquit,
389 1963 589 2028 liberabit
607 1982 690 2028 uos.
710 1982 771 2028 non
791 1982 865 2046 orgo
884 1961 959 2027 illae
972 1962 1218 2028 innumerabiles
1238 1967 1271 2029 et
1288 1964 1406 2047 impiae

256 2070 393 2146 subulae,
421 2069 536 2154 quibus
561 2089 714 2135 uariorum
737 2071 832 2152 plena
855 2071 931 2133 sunt
958 2069 1098 2134 earmina
1128 2074 1307 2154 poetarum,
1339 2071 1405 2136 ullo
1527 2140 1528 2149 ,

255 2175 349 2240 modo
374 2178 499 2240 nostras
524 2177 698 2240 consonant
719 2174 871 2251 libertati,
895 2193 958 2240 non
988 2178 1146 2240 oratorum
1169 2175 1279 2241 inflata
1301 2180 1337 2241 et
1359 2197 1406 2241 er·
1423 2202 1445 2242 rr
1527 2182 1528 2269 J

256 2282 356 2365 polita
378 2281 550 2358 mendacia,
570 2300 631 2347 non
656 2281 791 2363 deniquo
813 2282 957 2363 ipsorum
975 2281 1238 2366 philosophorum
1260 2285 1407 2367 garrulae

256 2389 409 2474 argutiae,
439 2390 493 2472 qui
526 2391 579 2453 uel
611 2388 704 2452 deum
732 2407 862 2471 prorsus
891 2407 951 2452 non
981 2395 1201 2474 cognorerunt
1225 2391 1289 2469 uel,
1320 2409 1406 2455 eum

257 2496 554 2580 cognouissont
587 2495 710 2572 deum,
747 2515 819 2559 non
854 2494 965 2560 siout
992 2495 1106 2559 deum
1139 2496 1407 2580 glorificans·
1527 2582 1528 2589 ἵ

256 2606 349 2667 runt
377 2606 446 2668 aut
474 2603 630 2688 gratias
659 2607 840 2688 egerunt,
866 2602 934 2666 sed
963 2606 1216 2667 euanuerunt
1237 2603 1276 2668 iu
1300 2603 1407 2688 cogi·
1527 2622 1528 2663 4

257 2709 491 2775 tationibus
526 2710 613 2774 suis
648 2713 687 2774 at
720 2710 986 2774 obscuratum
1016 2712 1078 2773 est
1106 2708 1310 2790 insipieus
1345 2729 1446 2776 corso
1527 2700 1528 2751 ἓ

257 2834 391 2880 eorum
426 2819 464 2880 st
497 2816 682 2881 dieentes
717 2835 757 2880 se
790 2834 879 2880 esse
907 2815 1120 2898 sapientes
1150 2816 1275 2880 stulti
1304 2816 1407 2881 faeti

257 2925 352 2985 sunt
386 2925 425 2986 st
455 2923 766 2986 inmutaueruut
799 2921 972 3006 gloriam
1003 2921 1238 3004 incorrupti
1270 2922 1339 2987 dei
1371 2925 1406 2986 in

258 3029 578 3093 similitudinem
610 3028 801 3112 imaginis
836 3028 1130 3112 corruptibilis
1164 3030 1343 3094 bominis
1371 3033 1407 3093 et
1527 3074 1528 3115 3

258 3135 471 3200 uolucrum
508 3139 546 3200 st
579 3134 884 3218 quadrupedum
914 3137 952 3200 et
985 3135 1236 3214 serpentium
1270 3135 1325 3199 uel
1354 3136 1404 3218 qui

348 3382 362 3433 7
382 3380 440 3435 loh.
460 3381 485 3443 8,
506 3379 540 3434 36
597 3381 629 3432 12
649 3378 706 3434 Ioh.
727 3379 752 3447 8,
772 3379 806 3433 32
863 3380 895 3432 17
914 3379 992 3432 Rom.
1013 3379 1036 3441 l,
1056 3378 1164 3432 21-23

295 3503 307 3556 1
329 3505 397 3573 aine]
419 3503 441 3556 si
460 3521 514 3557 nou
533 3501 564 3557 F
631 3503 735 3557 litteris
753 3503 854 3557 nostris
873 3502 935 3558 edd.
1007 3501 1133 3566 disseret,
1152 3517 1223 3556 corr.
1242 3508 1305 3558 nal
1323 3503 1406 3558 diaco

258 3591 384 3649 deretM
453 3609 502 3662 per
519 3593 652 3660 nostrum]
672 3607 796 3662 paruum,
815 3608 885 3646 corr.
902 3597 969 3646 aar
983 3609 1029 3662 per
1047 3591 1221 3645 uostmmllt
1269 3592 1406 3660 3dinino,

258 3685 323 3736 m.2
340 3681 475 3736 dominico
494 3679 532 3734 Ρ1
603 3697 689 3750 poene
708 3679 745 3733 M
761 3683 838 3745 (Μ
855 3685 937 3751 pene)
955 3680 1010 3735 FA
1083 3685 1214 3750 qnantum
1227 3679 1257 3735 R
1310 3682 1405 3735 aim-

259 3771 343 3842 piiP
412 3771 441 3824 in
460 3787 511 3824 om.
530 3768 567 3823 P¹
622 3770 722 3824 8uero
741 3769 772 3824 F
840 3769 920 3823 liberi
939 3773 1038 3838 (portu.
1059 3770 1076 3824 l.
1095 3771 1281 3827 miseras.
1301 3769 1408 3835 21.)P

258 3861 367 3916 liberati
385 3859 417 3915 F
485 3861 557 3929 sum]
577 3861 624 3913 uni
642 3859 673 3914 F
742 3861 801 3930 ipae
820 3859 905 3914 aaa
973 3859 1006 3913 10
1024 3858 1149 3922 liberare,
1168 3862 1235 3914 aut
1251 3859 1365 3914 liberale
1382 3859 1407 3911 P

261 3951 290 4003 ll
306 3949 416 4004 liberati
429 3947 495 4002 MF
543 3949 576 4004 13
590 3947 719 4002 liberauit
732 3947 759 4002 P
772 3951 815 4014 (m.
828 3951 848 4001 2
864 3946 1004 4013 liberabit)
1017 3947 1049 4002 F
1060 3950 1140 4016 (corr.
1155 3964 1189 4000 m.
1200 3951 1215 3999 1
1227 3947 1368 4006 liberabit)
1380 3949 1406 4001 Α

262 4040 295 4091 14
313 4039 412 4092 alntF
458 4039 490 4092 15
510 4041 661 4092 consonant
679 4036 831 4092 nostraeR
883 4035 1035 4090 liberatirl
1089 4035 1404 4098 etom.,m.20dr1.P¹

296 4127 427 4196 expoliata
445 4125 535 4180 PFP²
554 4126 688 4196 expoliata
707 4129 734 4180 A
826 4127 858 4180 16
882 4126 1052 4195 garrulitatis
1076 4123 1193 4192 argutia,
1212 4130 1273 4179 nal
1292 4124 1407 4195 suprad

262 4214 385 4283 garrulae
408 4215 532 4284 argutiae
550 4215 578 4270 R
671 4216 702 4268 17
726 4231 836 4284 prorsus
859 4213 939 4268 deum
957 4211 986 4268 R
1075 4213 1109 4266 21
1129 4213 1221 4283 stulti]
1240 4219 1269 4268 et
1288 4215 1363 4268 stulti
1381 4215 1406 4267 P

260 4304 295 4357 22
312 4303 461 4374 incorrupti
481 4303 524 4358 dei
543 4319 594 4359 oar.
614 4303 652 4357 M
738 4303 970 4374 incorruptibilem
986 4301 1014 4354 P
1090 4303 1128 4356 24
1146 4305 1175 4356 et
1193 4302 1404 4374 quadmpeduru]

260 4395 342 4460 atque
362 4391 565 4461 quadrupedum
584 4391 643 4446 edd.
