3092 5217
526 475 795 542 epistularum
823 475 880 529 ClI.
1209 481 1274 543 563

126 671 177 733 uel
192 669 284 733 iubet
299 670 351 734 uel
365 669 464 752 cupit,
476 668 521 733 ita
536 669 588 752 pia
601 669 766 734 humilitas
782 671 835 734 uel
849 671 1013 735 hominum
1023 671 1076 735 uel
1091 673 1274 756 augelorum

127 779 309 840 sauctorum
332 775 409 840 haec
428 775 489 840 sibi
509 775 615 840 oblata
633 776 796 840 recusauit
814 778 855 849 et,
880 777 931 840 eui
950 776 1147 852 deberentur,
1172 782 1275 844 osten-

127 882 181 946 dit.
208 881 301 946 euius
324 881 370 946 rei
392 880 655 946 manifestissima
677 881 708 945 in
733 881 838 946 saeris·
854 882 970 948 litteris
994 884 1109 949 nostris
1134 885 1276 968 exempla

128 990 354 1056 monstrantur.

48 1135 63 1154 2
99 1121 110 1156 e
170 1094 351 1176 Dispertita
382 1097 488 1160 autem
521 1094 639 1160 diuinis
668 1094 804 1177 eloquiis
832 1094 985 1160 sacrificia
1012 1115 1068 1180 pro
1096 1100 1275 1180 temporum

129 1201 345 1286 congruentia,
373 1204 410 1266 ut
437 1201 499 1266 alia
525 1200 637 1266 fierent
664 1205 734 1266 ante
763 1202 1052 1269 manifestationem
1078 1205 1154 1269 noui
1180 1208 1276 1269 testa-

128 1308 239 1386 menti,
263 1307 348 1389 quod
367 1327 403 1372 ex
425 1307 495 1391 ipsa
517 1327 592 1372 uera
611 1310 643 1371 et
665 1308 759 1373 unius
784 1307 957 1373 sacerdotis
979 1309 1120 1389 uictima,
1146 1311 1205 1376 hoe
1228 1315 1278 1376 est

128 1434 165 1480 ex
199 1415 272 1478 suso
307 1413 424 1480 Christi
457 1414 609 1498 sanguine
642 1414 851 1493 ministratur,
885 1419 918 1480 et
949 1415 1037 1480 aliud
1067 1436 1159 1496 nune,
1193 1419 1277 1501 quod

127 1521 205 1586 huic
240 1519 489 1584 manifestationi
526 1539 712 1604 congmum‚
753 1522 807 1602 qui
848 1522 912 1586 iam
954 1522 1111 1588 declarato
1151 1525 1277 1590 nomine

87 1652 111 1689 ιο
130 1626 303 1692 Christiani
322 1626 527 1709 appellamur,
553 1627 723 1704 offerimus,
748 1646 810 1691 uon
830 1629 934 1691 solum
955 1628 1147 1713 euangelicis
1166 1649 1278 1694 uenum

129 1732 227 1798 eliam
259 1731 452 1815 propheticis
484 1733 600 1798 litteris
634 1732 877 1800 demonstretur.
910 1735 1045 1800 mutatio
1075 1735 1190 1818 quippe
1217 1756 1277 1801 non

130 1839 181 1904 dei
205 1858 266 1903 non
296 1839 397 1922 ipsius
424 1839 587 1923 religionis
616 1839 672 1903 sed
701 1838 926 1916 sacrificiorum
951 1843 984 1904 et
1011 1845 1278 1908 sacramentorum

129 1945 319 2028 inpudenter
345 1964 428 2011 nune
456 1945 618 2011 uideretur
643 1945 834 2028 praedicata,
862 1947 923 2012 nisi
951 1946 1067 2013 fuisset
1092 1952 1165 2013 ante
1192 1968 1279 2032 pree-

130 2052 227 2116 dicta.
261 2071 354 2134 quem
387 2051 426 2116 ad
458 2050 591 2116 modum
619 2051 702 2116 enim
734 2071 818 2117 unus
845 2052 992 2136 idemque
1025 2054 1130 2133 homo,
1164 2056 1192 2120 si
1220 2056 1279 2119 deo

87 2185 110 2223 ιε
129 2178 224 2224 mene
253 2158 341 2222 aliud
364 2158 475 2223 offerat
498 2158 585 2224 aliud
608 2175 741 2241 uespere
768 2177 824 2241 pro
850 2161 1054 2244 congruentia
1076 2161 1180 2225 diurni
1201 2164 1280 2225 tem-

127 2264 228 2347 poris,
253 2284 313 2329 uon
334 2264 429 2329 deum
453 2268 557 2330 mutat
578 2283 635 2329 neo
658 2265 843 2348 religionem
867 2265 952 2330 sieut
974 2285 1031 2331 nec
1055 2267 1201 2345 salutem,
1226 2267 1281 2349 qui

128 2372 194 2437 alio
223 2371 316 2436 modo
345 2391 435 2437 mane
464 2372 526 2436 alio
554 2391 686 2454 uespere
715 2372 845 2447 salutet,
872 2372 919 2436 ia
944 2373 976 2436 in
1005 2373 1153 2438 uniuerso
1176 2376 1280 2438 tractu

130 2478 346 2556 saeculorum,
374 2497 447 2544 oum
471 2478 558 2542 aliud
582 2478 723 2543 oblatum
748 2482 798 2542 est
822 2479 860 2543 ab
889 2479 1028 2561 antiquis
1052 2480 1169 2544 sanetis
1193 2479 1280 2545 aliud

130 2586 171 2650 ab
202 2585 260 2662 eis,
289 2587 345 2668 qui
372 2604 455 2652 nune
484 2590 569 2665 suut,
597 2585 736 2662 offertur,
771 2604 831 2650 non
861 2584 1000 2651 humana
1025 2586 1280 2670 praesumptione

83 2719 108 2754 eo
130 2692 189 2758 sed
227 2692 414 2757 auctoritate
452 2692 560 2757 diuina
595 2691 793 2774 temporibus
831 2711 970 2776 congrue
1007 2710 1096 2757 saera
1130 2693 1283 2776 mysteria

128 2797 340 2876 celebrantur,
364 2817 425 2863 uon
449 2798 527 2863 deus
552 2802 608 2863 aut
630 2798 741 2883 religio
767 2802 991 2864 commutatur.

128 3005 179 3064 IV.
202 3005 252 3060 Da
270 3004 319 3060 EO
340 3003 441 3071 QUOD
462 3004 642 3062 SCRIPTUM
660 3007 741 3062 EST:
759 3006 805 3061 IN
825 3005 907 3072 Qua
929 3006 1127 3061 MENSURA
1150 3006 1282 3063 usual

380 3094 588 3157 haumala,
612 3095 885 3151 REMETIETUR
910 3095 1042 3150 voela.

45 3231 81 3291 22
174 3221 247 3286 Iam
279 3239 362 3285 nune
390 3220 502 3286 deinde
534 3221 712 3300 uideamus,
747 3223 839 3305 quale
872 3222 925 3302 sit,
959 3222 1044 3305 quod
1071 3223 1109 3288 de
1136 3242 1284 3289 mensura

82 3365 107 3406 ee
127 3326 258 3410 peccati
286 3329 382 3410 etque
415 3327 564 3411 supplicii
591 3329 759 3413 proposuit
787 3329 833 3394 eie
861 3329 1028 3414 euangelio
1057 3330 1282 3395 calumniatus:

225 3553 259 3606 22
278 3552 378 3608 matth.
400 3555 424 3618 7,
444 3555 460 3608 2

164 3675 362 3744 ephraea
443 3679 683 3748 tcongruentiem
701 3677 853 3733 HMePe
942 3679 1101 3731 testamenti
1122 3677 1142 3744 (i
1162 3693 1195 3731 ex
1213 3693 1283 3732 corr.

125 3767 210 3829 mat)
229 3763 265 3817 H
316 3764 381 3818 let
398 3766 426 3820 iu
445 3767 525 3820 unius
545 3767 584 3836 (in
604 3768 656 3824 del.
675 3768 750 3838 na2)
768 3767 824 3822 Pa
843 3767 917 3821 etin
936 3765 1124 3820 uniusHMA
1196 3783 1283 3820 saeer-

126 3853 208 3908 ‹locii
227 3854 258 3907 E
310 3853 327 3908 8
346 3869 377 3907 ex
395 3853 467 3924 fuso]
486 3854 547 3908 fuso
565 3856 596 3909 E
613 3854 696 3909 effuso
718 3855 788 3923 aes
802 3871 832 3908 ex
851 3854 936 3909 effuso
957 3854 968 3908 l
975 3871 1026 3908 rm
1089 3855 1106 3908 9
1125 3849 1284 3908 manifesta·

125 3945 221 4006 tione,
240 3957 309 3996 corr.
329 3941 544 3998 manifestationi
563 3943 597 3997 H
651 3943 683 3997 10
703 3943 850 3997 christiane
868 3944 899 3998 E
960 3944 994 3997 14
1012 3941 1149 4012 idemque]
1167 3942 1239 3996 idem
1257 3942 1289 3996 Ε

128 4033 164 4088 16
178 4031 243 4100 nae]
258 4029 347 4084 sedA
401 4031 471 4085 sicut
488 4049 539 4086 nec
558 4031 786 4086 salutemom.H
836 4031 966 4086 salutet]
1008 4032 1041 4084 17
1060 4031 1185 4100 uespere]
1203 4029 1284 4084 modo

127 4118 294 4190 uespereO
363 4121 491 4174 uniuersa
508 4120 543 4174 H
611 4122 713 4189 tractu]
733 4124 871 4174 transacto
886 4120 917 4174 E
963 4121 996 4174 21
1013 4123 1286 4173 uon-commutetur

127 4227 185 4264 cm.
207 4213 235 4263 A
344 4210 379 4262 22
397 4209 435 4264 IV
454 4225 505 4264 om,
523 4209 640 4264 MAOG
660 4213 756 4279 quarte
775 4209 900 4279 quaestio
918 4208 950 4263 Ε
1072 4209 1137 4263 item
1158 4207 1192 4262 de
1211 4207 1289 4262 eoO

167 4298 206 4352 de
226 4297 373 4351 eo-uobis
392 4315 443 4352 om.
466 4297 492 4352 G
583 4299 635 4367 est]
657 4301 699 4352 est
717 4299 744 4352 iu
765 4298 910 4367 euangelio
928 4299 958 4352 E
1059 4299 1093 4352 23
1113 4297 1240 4350 metietur
1259 4297 1290 4350 E

128 4391 167 4442 24
189 4385 290 4442 deinde
309 4403 361 4442 ora.
382 4389 412 4442 E
483 4388 576 4457 quale·
592 4388 660 4456 (fuit
678 4387 702 4458 s)
720 4387 790 4441 HM
841 4388 876 4443 25
896 4388 946 4457 sie]
967 4387 1006 4441 sie
1025 4388 1051 4440 iu
1071 4387 1102 4440 Ε

1195 4491 1245 4545 36*
