3092 5217
277 494 342 557 614
632 490 659 543 S.
689 490 827 543 Aureli
854 489 1072 559 Augustini

277 682 382 761 stiani,
416 681 471 765 qui
501 684 579 746 tnnc
610 681 773 759 uidebant,
811 682 843 745 in
876 681 969 747 terris
1001 681 1225 747 remotissimis
1259 683 1423 747 constituti

276 790 384 855 audire
406 790 458 853 uel
481 807 576 853 nosse
602 792 796 871 potnerrmt?
825 788 879 869 qui
903 792 1082 853 manentem
1106 791 1217 854 notum
1243 808 1306 853 non
1330 789 1425 853 audes
1533 792 1534 869 ἦ

275 897 416 961 indicare
448 895 654 972 Primianum‚
691 913 748 958 cur
784 894 863 959 mihi
902 894 1068 976 antiquum
1102 896 1135 959 ot
1165 894 1315 977 ignotum
1349 894 1427 958 iudi·
1533 886 1534 949 ζ

277 1003 413 1067 candum
445 1002 496 1066 nis
528 1002 676 1084 inponere
709 1000 946 1067 Caecilianum?
979 1000 1008 1065 si
1039 1004 1146 1082 patres
1176 1005 1252 1065 tuos
1286 1020 1350 1065 non
1384 1002 1429 1065 iu·

276 1109 363 1173 dicas
398 1109 436 1172 de
473 1108 568 1173 factis
605 1107 684 1185 suis,
723 1126 818 1189 qnare
851 1106 964 1171 fratres
998 1110 1071 1171 tuos
1104 1106 1227 1171 indicas
1262 1107 1302 1171 de
1335 1107 1429 1172 factis
1459 1132 1469 1171 a

277 1216 411 1280 alienis?

233 1322 252 1384 3
320 1322 369 1387 An
396 1323 477 1387 forte
504 1321 617 1385 fratres
647 1338 703 1385 nos
731 1324 850 1405 negas?
880 1320 936 1385 sed
964 1319 1080 1384 melius
1104 1319 1253 1385 audimus
1283 1322 1430 1385 sanctum
1533 1328 1534 1341 ¹

276 1428 425 1512 spiritum
438 1446 495 1511 per
506 1427 692 1511 prophetam
712 1426 974 1510 praecipientem:
994 1426 1155 1504 Audite,
1175 1428 1243 1509 qni
1262 1428 1431 1509 ponetis
1533 1450 1534 1523 l

277 1536 442 1600 uerbum
476 1534 643 1599 domini:
677 1533 815 1599 Dicite
848 1533 1009 1597 ‘iratres
1038 1534 1171 1599 nostri
1205 1534 1324 1599 estis'
1358 1533 1430 1610 hia,
1533 1538 1534 1599 i

276 1645 344 1726 qni
372 1662 444 1707 uos
469 1640 643 1706 oderunt
666 1643 703 1705 et
726 1641 795 1721 qui
818 1659 891 1705 uos
920 1640 1194 1717 detestantur,
1219 1644 1263 1705 ut
1286 1659 1468 1705 nomena
1533 1622 1534 1699 l

277 1748 429 1814 domini
452 1746 763 1813 honorificetur
786 1750 826 1812 st
849 1750 1045 1829 appareat
1067 1745 1159 1811 illis
1183 1747 1222 1811 in
1247 1746 1431 1811 incundi·

277 1862 412 1933 tatem,
432 1855 515 1938 ipsi
534 1857 669 1919 autem
693 1853 947 1919 erubescant.
967 1872 1000 1917 re
1015 1871 1090 1917 uera
1104 1853 1187 1917 enim
1204 1853 1231 1918 si
1246 1854 1431 1918 hominibus
1533 1850 1534 1937 l

276 1981 391 2027 nomen
415 1960 535 2026 domini
562 1960 733 2026 iucundius
757 1962 845 2025 esset
867 1979 961 2043 quam
985 1960 1113 2025 nomina
1134 1959 1314 2036 hominum,
1344 1980 1431 2023 num·

278 2070 355 2151 quid
375 2067 521 2134 Christos
541 2067 697 2132 olamans:
715 2067 857 2131 Pacem
880 2085 1004 2131 meam
1024 2065 1069 2130 do
1093 2066 1212 2131 uobis
1233 2065 1431 2131 diuideretur
1533 2064 1534 2137 l

276 2177 308 2239 in
337 2174 489 2239 membris
523 2174 591 2239 snis
619 2193 674 2256 per
701 2192 767 2251 eos,
802 2172 857 2255 qui
885 2172 1009 2239 dicunt:
1037 2172 1120 2257 Ego
1151 2171 1317 2254 quidem
1347 2192 1430 2238 sum
1449 2198 1470 2236 n

277 2282 396 2347 Pauli
429 2300 500 2366 ogo
534 2284 669 2346 antem
700 2279 848 2362 Apollo
883 2300 954 2365 ego
987 2300 1081 2345 uero
1116 2279 1274 2362 Cephae
1310 2284 1344 2344 et
1378 2298 1432 2362 per

278 2388 444 2453 hominum
471 2388 598 2453 nomina
621 2387 834 2452 dilaniantur?
861 2386 1015 2469 numquid
1039 2385 1187 2451 Christus
1211 2386 1432 2451 exsufflaretur

277 2494 308 2559 in
328 2495 486 2577 baptismo
507 2514 577 2572 suo,
598 2494 636 2559 de
652 2514 713 2577 quo
729 2493 851 2559 dictum
871 2497 935 2558 est:
955 2494 1031 2558 Hic
1050 2495 1122 2569 est,
1143 2492 1211 2574 qui
1229 2492 1431 2576 baptizat,

278 2602 316 2666 de
340 2619 402 2683 quo
431 2600 554 2666 dictum
583 2604 648 2665 est:
672 2599 866 2665 Christus
891 2597 1040 2665 dilexit
1067 2599 1289 2663 ecclesiam
1320 2618 1430 2663 suana
1533 2602 1534 2685 p

277 2710 317 2772 et
338 2706 515 2772 tradidit
544 2725 586 2771 se
613 2706 745 2789 ipsum
772 2724 842 2788 pro
867 2724 919 2783 ea,
949 2708 992 2770 nt
1021 2724 1103 2770 eam
1132 2704 1470 2769 sanctificaretis
1533 2690 1534 2751 i

277 2814 471 2879 mundans
495 2832 578 2879 eam
600 2813 768 2878 lauacro
794 2830 919 2895 aquae
947 2811 986 2875 in
1009 2812 1154 2877 uerbo?
1178 2812 1338 2893 numquid
1357 2832 1429 2897 ergo

277 2922 309 2985 in
342 2922 412 3003 ipso
450 2938 509 2985 suo
545 2920 672 2985 lauacro
710 2920 939 2994 exsufflaretur,
979 2918 1006 2982 si
1043 2937 1156 2983 nomen
1190 2918 1311 2983 domini
1346 2924 1431 2984 esset
1533 2906 1534 2937 ³

278 3026 459 3103 iocundius,
483 3026 574 3091 cuins
599 3029 649 3091 est
674 3026 743 3107 ipse
770 3026 961 3109 baptismus
986 3044 1080 3107 qnam
1109 3044 1222 3091 nomen
1251 3024 1429 3091 hominum.
1533 3028 1534 3101 ξ

278 3134 316 3197 de
336 3134 452 3215 quibus
471 3133 593 3199 dicitis:
612 3131 776 3197 ‘Sanctum
800 3135 859 3210 ost,
880 3131 964 3214 quod
983 3131 1037 3196 ille
1062 3130 1125 3209 dat,
1144 3150 1206 3196 non
1230 3131 1318 3214 qnod
1343 3132 1429 3196 ille¹i
1533 3160 1534 3231 ᾗ

187 3240 257 3303 ΙΙ4
322 3240 362 3303 nt
398 3243 503 3305 tamen
537 3240 678 3323 collegae
709 3240 770 3318 tui,
808 3239 864 3304 ubi
897 3240 1078 3316 uoluerunt,
1116 3239 1286 3303 ueritatem
1320 3240 1429 3321 potins
1446 3264 1468 3301 e
1533 3240 1534 3277 l

278 3343 487 3412 adtenderunt
510 3348 543 3409 et
565 3362 626 3409 non
651 3346 757 3410 solum
780 3344 988 3427 baptismum,
1018 3362 1112 3426 quem
1136 3344 1223 3409 dedit
1246 3345 1428 3411 Primianus

278 3452 309 3515 in
337 3453 446 3516 uestm
473 3450 705 3527 communione,
738 3448 796 3515 sed
824 3450 920 3515 etiam
949 3468 1043 3532 qoem
1072 3450 1159 3515 dedit
1185 3452 1370 3519 Felicianus
1398 3454 1426 3516 in

277 3555 461 3622 Maximiani
484 3556 639 3640 socnlego
663 3557 847 3635 schismate,
870 3559 999 3639 propter
1021 3556 1149 3623 honoris
1173 3558 1292 3623 domini
1317 3559 1428 3625 iucun—
1533 3540 1534 3577 ³

278 3663 410 3728 ditatam
443 3668 589 3729 sanctum
622 3682 693 3729 esse
725 3666 892 3729 senserunt
920 3666 953 3728 et
980 3663 1202 3744 characterem,
1226 3685 1288 3731 non
1322 3668 1426 3731 solum

367 3908 446 3962 aas.
466 3909 510 3969 66,
530 3910 546 3961 5
565 3924 618 3961 sec.
638 3906 768 3977 Septuag.
861 3906 972 3963 141011.
994 3908 1035 3976 14,
1054 3910 1087 3963 27
1181 3908 1328 3965 15ICor.
1349 3912 1374 3972 1,
1395 3912 1425 3965 1‘2
1533 3864 1534 3867 Ἴ

280 3996 312 4051 18
332 3996 390 4053 Ioh.
410 3999 436 4059 1,
453 3997 487 4050 33
543 3996 576 4049 19
594 3995 664 4065 Eph.
684 3998 709 4055 5.
728 3996 835 4051 25-26

316 4121 346 4173 ll
367 4120 628 4186 iniucunditatem;
646 4119 777 4189 Septucp.
797 4118 824 4171 ἐν
843 4128 875 4193 τῇ
896 4120 1041 4192 εὐφροσύνῃ
1062 4119 1147 4174 αὐτῶν
1204 4123 1237 4176 13
1255 4122 1426 4177 ineundusP
1533 4116 1534 4127 ¹

280 4210 313 4263 17
332 4209 488 4275 dilaniatur,
508 4226 578 4266 corr.
597 4214 657 4263 m.1
675 4209 841 4263 dilaniantur
859 4209 886 4263 P
959 4210 992 4264 18
1012 4208 1044 4263 de
1064 4226 1116 4278 quo
1135 4226 1188 4265 om.
1214 4210 1334 4267 VUlsr
1351 4216 1423 4280 (coa-

278 4299 385 4353 iaeroro
402 4300 434 4352 in
451 4315 536 4369 maro.
557 4298 635 4361 add.)
707 4297 1065 4355 scaenicorum.
1147 4300 1182 4353 27
1203 4300 1297 4370 etiarn]
1319 4304 1347 4355 et
1365 4300 1423 4355 cdd.
1533 4364 1534 4367 Ἴ

279 4390 314 4441 ‘28
333 4388 479 4458 sacrilegos
498 4389 642 4443 chrismate
660 4388 688 4442 P
