3092 5217
444 548 710 618 epistularum
740 546 816 603 CXII
854 548 951 604 CXIII.
1207 552 1272 617 659

121 742 269 807 caelestis
297 746 394 826 atque
422 742 583 827 angelicae
606 741 783 826 dignitatis.
811 764 984 827 perquem
1009 747 1041 809 te
1065 746 1206 824 obsecro,
1235 748 1273 809 ut

118 848 276 913 rescribas
316 849 397 914 mibi
432 852 569 931 tuosque
608 868 727 928 omnes,
766 868 846 932 quos
887 850 917 914 in
958 850 1109 916 sinitensi
1145 849 1201 916 uel
1238 854 1271 917 in

118 954 330 1037 Hipponiensi
345 955 453 1034 babes,
469 955 508 1019 ad
523 956 697 1021 catholicae
711 956 864 1021 ecclesiae
875 957 1130 1022 commumonem
1141 958 1273 1023 comiter

119 1062 152 1125 et
180 1060 318 1145 benigne
347 1062 533 1127 adhorteris.
561 1063 594 1127 in
624 1062 716 1127 cuius
745 1063 864 1147 gremio
894 1063 990 1129 etiam
1018 1067 1140 1146 patrem
1167 1068 1270 1144 tuum,

88 1166 312 1232 slaudabilem
337 1171 369 1232 et
392 1168 555 1252 egregium
579 1169 695 1248 uirum,
724 1169 781 1233 abs
805 1173 838 1234 te
862 1170 1005 1254 genitum
1030 1190 1100 1235 esse
1124 1172 1270 1255 cognoui.

118 1292 217 1356 quem
239 1277 277 1337 ut
300 1274 406 1339 debito
430 1275 553 1340 meritis
578 1274 646 1341 eius
670 1294 689 1340 a
710 1290 762 1340 me
787 1274 891 1341 officio
917 1276 1036 1341 salutes
1059 1279 1134 1359 peto
1160 1279 1192 1341 et
1214 1296 1271 1342 nos

116 1380 226 1445 uisere
257 1400 318 1445 non
351 1382 502 1466 muueris,
540 1380 624 1465 quod
658 1382 754 1447 etiam
786 1385 916 1467 propter
946 1390 1021 1448 rem
1043 1386 1143 1462 tuam,
1177 1400 1271 1466 quam

116 1487 171 1552 bic
199 1487 310 1565 babes,
342 1488 506 1554 meliorem
539 1489 622 1570 apud
655 1487 749 1553 deum
781 1488 956 1554 faciendam
989 1508 1050 1554 non
1082 1488 1272 1574 inpudenter

118 1610 266 1676 exposco.
295 1594 345 1659 dei
372 1594 591 1659 misericordia
617 1597 649 1659 te
674 1594 953 1679 circumplectatur
980 1600 1012 1661 et
1039 1596 1077 1660 ab
1102 1596 1188 1661 omni
1214 1595 1271 1660 ini-

74 1701 244 1782 inquitate
268 1705 445 1768 conseruet.

639 1912 751 1979 CXIII.

115 2049 267 2106 DOMINO
290 2051 545 2108 DILIIO'IISSIMO
569 2052 784 2119 MERITOQUE
807 2052 1035 2108 HONORABILI
1053 2052 1098 2105 ΕΤ
1119 2050 1269 2108 SUSCIPI·

115 2138 223 2193 ENDO
242 2140 375 2195 FRATRI
399 2140 601 2197 CRESCONIO
620 2140 850 2198 nusosrlbus
869 2142 910 2197 IN
928 2140 1073 2197 DOMINO
1093 2140 1270 2199 SALUTEM.

164 2265 200 2331 Si
228 2268 266 2331 ab
293 2268 357 2333 ista
380 2286 475 2333 causa
498 2268 751 2347 dissimularem,
781 2268 818 2333 de
843 2288 905 2351 qua
928 2271 1001 2332 tuae
1027 2268 1174 2351 religioni
1198 2287 1270 2332 eece

74 2400 99 2441 rs
114 2373 236 2437 iterum
261 2373 374 2450 scribo,
403 2395 466 2440 non
490 2378 595 2440 solum
619 2376 782 2439 eximietas
806 2381 862 2439 tua
885 2375 941 2441 sed
965 2374 1059 2439 etiarn
1083 2376 1162 2458 ipse,
1187 2376 1270 2459 quis-

116 2480 193 2560 quis
211 2479 265 2544 ille
280 2485 339 2557 est,
357 2481 390 2545 in
405 2482 497 2545 cuius
512 2501 609 2546 causa
621 2482 795 2546 Fauentiae
815 2482 861 2547 sio
880 2485 989 2564 raptus
1010 2483 1069 2560 est,
1088 2481 1200 2546 merito
1220 2501 1270 2546 me

116 2586 264 2668 culpabit
290 2589 433 2659 etrecte
461 2588 667 2671 reprehendet
692 2588 837 2652 iudicans
865 2589 985 2671 utiquo,
1019 2587 1048 2651 si
1075 2588 1169 2651 etiam
1200 2588 1270 2670 ipse

116 2693 159 2757 ad
188 2692 341 2757 auxilium
369 2693 520 2759 ecclesiae
548 2694 756 2778 confugisset,
791 2694 819 2759 si
847 2694 877 2758 ei
909 2692 1012 2758 simile
1041 2694 1161 2777 aliquid
1190 2696 1269 2760 acei-

116 2799 233 2876 disset,
260 2800 307 2864 ita
328 2819 379 2863 me
402 2800 502 2864 fuisse
527 2801 565 2866 ab
590 2801 658 2866 eius
682 2801 873 2864 necessitate
896 2803 929 2864 et
950 2800 1154 2865 tribulatione
1178 2802 1270 2865 dlasi-

73 2931 99 2972 n
117 2906 328 2971 molaturum.
359 2906 481 2985 deinde,
504 2907 533 2971 si
555 2908 719 2972 hominum
745 2906 935 2971 existimatio
960 2905 1188 2971 contemnenda
1210 2911 1269 2985 est,

115 3012 184 3095 ipsi
207 3012 333 3078 domino
359 3013 416 3078 deo
440 3017 548 3079 nostro
568 3014 646 3097 quid
665 3013 766 3078 dicam
787 3015 818 3077 et
837 3032 930 3095 quam
953 3013 1106 3078 rationem
1129 3013 1268 3092 reddam,

118 3120 158 3199 si,
198 3124 353 3203 quantum
389 3139 532 3203 possum,
569 3139 630 3184 non
663 3139 756 3205 egero
794 3139 850 3203 pro
885 3116 953 3183 eius
991 3121 1105 3198 salute,
1144 3118 1198 3202 qui
1236 3138 1270 3183 se

155 3346 347 3399 2siuitentesi
366 3350 451 3415 (poet.
470 3350 499 3399 te
517 3346 581 3412 del.)
601 3345 628 3398 P
680 3345 726 3399 uel
744 3346 784 3415 in]
805 3345 850 3398 nel
867 3344 896 3400 R
914 3344 974 3398 edd.
989 3351 1103 3413 praeter
1122 3362 1140 3397 a
1177 3345 1267 3414 3bip-

116 3434 237 3504 poueusi
254 3432 292 3486 Μ
310 3436 389 3499 (corr.
409 3437 469 3487 Μ
486 3427 670 3504 hipponiensi)
688 3434 751 3488 edd.
865 3434 991 3487 comitter
1010 3436 1038 3486 et
1055 3433 1083 3485 P
1100 3432 1269 3486 committere

119 3528 149 3578 et
167 3523 196 3577 R
215 3522 382 3576 committere
400 3522 491 3577 Mus
553 3523 572 3576 4
591 3524 688 3592 gemio,
708 3536 778 3576 corr.
797 3520 903 3593 (m.1?)
924 3521 1026 3591 gremio
1045 3522 1076 3575 F
1138 3522 1154 3574 5
1174 3522 1221 3574 abs
1240 3525 1268 3574 te

118 3611 255 3681 gemtum,
277 3614 338 3665 nui
360 3628 447 3681 supra
470 3610 484 3665 I
506 3612 540 3665 ab
564 3615 732 3681 stergentum
750 3610 779 3665 R
802 3610 851 3664 abs
873 3614 902 3663 te
926 3614 1038 3679 gentum
1056 3607 1087 3663 F
1173 3611 1189 3663 6
1212 3610 1266 3679 rue]

116 3716 182 3755 meo
199 3698 238 3752 M
255 3769 258 3775 Ι
307 3701 322 3753 7
340 3716 375 3753 ne
393 3700 515 3769 granaria
533 3701 562 3756 R
578 3700 723 3770 negaueris
740 3702 781 3767 A;
800 3700 834 3766 cf.
849 3716 880 3767 p.
902 3702 963 3761 661,
987 3702 1005 3752 7
1085 3714 1160 3752 suam
1178 3697 1269 3752 MFA

119 3788 136 3840 8
155 3786 296 3840 mellonem
315 3787 387 3856 apud
405 3787 486 3841 deum
503 3788 643 3841 meliorem
662 3786 813 3846 faciendam
831 3786 859 3841 R

340 3936 366 3989 Τ
390 3960 423 3981 =
443 3936 501 3991 eod.
523 3936 664 3991 Trecentis
685 3940 725 3989 40
741 3953 763 3992 a.
783 3935 875 3989 XIII.

336 4026 369 4080 Η
392 4049 427 4071 ==
445 4025 504 4082 eod.
523 4025 599 4080 Mus.
619 4026 692 4081 Brit.
711 4025 797 4081 Harl.
819 4028 895 4079 3107
912 4042 934 4081 s,
952 4024 1046 4079 XIII.

336 4114 365 4168 a
389 4138 423 4159 =
443 4114 502 4169 cori.
526 4114 680 4168 Vaticanus
700 4117 760 4167 494
778 4130 800 4168 a.
820 4114 907 4167 XIII
923 4130 963 4169 aa.

345 4198 369 4254 V
391 4227 425 4249 =
445 4202 502 4257 eod.
527 4202 682 4256 Vaticanus
703 4206 762 4256 495
779 4220 800 4257 s.
821 4202 885 4256 XV.

342 4290 369 4345 U
391 4316 425 4337 ι·-
444 4292 504 4347 cod.
528 4290 684 4345 Vaticanus
705 4294 765 4344 499
782 4308 804 4345 e.
823 4292 854 4345 X
859 4288 889 4346 V.

159 4444 193 4497 12
212 4440 384 4513 suspiciendo
401 4440 431 4496 R
484 4441 519 4495 17
538 4440 736 4511 reprehendens
760 4438 815 4494 VU
866 4438 899 4495 21
920 4440 979 4509 ipso
1002 4438 1028 4494 T

1179 4544 1229 4597 42*
