3092 5217
300 481 364 554 402
662 480 689 533 S.
717 478 852 533 Aureli
879 480 1097 549 Augustini

299 671 581 748 Antiooheuorum,
614 671 719 749 Ponti,
753 671 915 751 Galatiae,
953 672 1172 757 Cappadociae
1212 680 1438 759 ceterarumque

300 777 385 843 orbis
409 778 546 861 partium
570 777 608 841 eh
638 778 793 861 apostolis
816 778 847 843 in
872 778 998 845 Christo
1022 778 1259 846 aedificatarum
1283 786 1337 847 aut
1352 802 1440 849 nosse

299 885 406 968 potuit
428 888 483 950 aut
506 883 646 949 damnari
669 904 688 948 a
710 885 804 951 uobis
824 886 950 961 meruit,
975 886 1050 968 quia
1069 906 1128 951 non
1147 888 1276 970 potuit?
1296 893 1326 953 et
1342 893 1442 954 tamm

300 992 346 1057 eis
378 1011 439 1057 non
472 991 714 1057 communicatis
741 995 775 1055 et
802 991 909 1057 dicitis
936 1010 997 1057 nou
1027 1010 1098 1065 esse
1122 992 1317 1059 Christianos
1339 999 1371 1060 et
1392 1014 1442 1060 eos

298 1098 493 1181 rebaptizare
530 1096 697 1162 conamini.
736 1095 813 1180 quid
850 1097 975 1163 dicum?
1012 1097 1089 1181 quid
1122 1104 1255 1181 querar?
1287 1106 1342 1164 aut
1371 1101 1479 1183 quida

300 1206 494 1269 exclamem?
535 1204 564 1268 si
605 1222 678 1268 cum
719 1203 847 1268 homine
889 1204 1016 1269 cordato
1058 1205 1182 1288 loquor,
1223 1206 1442 1291 indignationis

298 1310 395 1375 huius
432 1310 560 1375 aculeos
597 1314 704 1375 tecum
740 1310 909 1395 perticipo;
949 1330 1020 1376 nam
1061 1312 1151 1377 uides
1184 1314 1339 1396 profecto,
1369 1334 1443 1395 quae

300 1416 448 1490 dicerem,
472 1415 501 1481 si
524 1417 641 1482 uellem
671 1416 785 1483 dicere.

255 1529 274 1591 6
342 1524 392 1589 Au
429 1525 510 1588 forte
547 1524 690 1588 fecerunt
724 1524 808 1589 inter
849 1544 883 1589 se
915 1525 1050 1591 maiores
1083 1526 1184 1591 uestri
1217 1526 1384 1592 concilium
1415 1530 1444 1590 et
1516 1506 1517 1579 d

299 1630 531 1696 damnauerunt
561 1635 687 1712 praeter
718 1650 752 1697 so
781 1632 885 1697 totum
913 1632 1019 1699 orbem
1045 1632 1280 1699 Christianum?
1302 1632 1386 1697 itane
1409 1634 1444 1697 ad
1458 1658 1479 1695 o

299 1738 359 1803 hoc
389 1737 543 1821 perducta
574 1742 625 1804 est
655 1758 761 1803 rarum
794 1738 996 1819 existimatio,
1025 1744 1063 1803 ut
1090 1740 1262 1808 concilium
1289 1739 1444 1805 Maximia-
1516 1796 1517 1847 ,

298 1845 453 1923 nennium,
486 1846 541 1929 qui
569 1846 607 1911 de
634 1850 745 1911 uestra
770 1845 964 1928 praecisione
992 1846 1126 1930 praecisi
1151 1850 1238 1925 sunt,
1261 1846 1337 1929 quia
1358 1846 1443 1910 uobis

298 1952 471 2034 comparati
488 1952 675 2034 paucissimi
694 1956 779 2029 suut,
798 1972 859 2017 non
878 1952 985 2017 ualeat
1003 1953 1157 2018 aduersus
1176 1970 1237 2018 uos
1256 1956 1289 2017 et
1306 1955 1443 2017 ueshum
1516 1958 1517 1999 1

299 2058 469 2123 concilium
493 2058 600 2123 ualeat
622 2058 776 2123 aduersos
807 2062 952 2143 gentes
985 2060 1260 2125 hereditatam
1293 2057 1444 2125 Christi
1516 2004 1517 2099 d

299 2169 338 2229 et
369 2162 681 2248 possessionem
718 2163 808 2229 eius
844 2163 1045 2229 terminos
1081 2168 1240 2229 terrae?
1276 2164 1387 2239 miror,
1419 2163 1478 2229 sia

299 2270 394 2335 hahet
426 2271 458 2335 in
492 2289 622 2353 corpore
656 2269 854 2353 sanguinem,
888 2270 942 2353 qui
975 2270 1014 2335 de
1043 2270 1101 2335 hac
1129 2290 1162 2335 re
1190 2290 1251 2337 non
1279 2270 1442 2335 erusbescit.

297 2378 435 2443 rescribe
458 2376 498 2441 ad
520 2378 593 2453 ista,
618 2395 752 2459 quaeso3
777 2396 795 2441 a
818 2376 978 2441 nonnullis
1003 2377 1098 2453 enim,
1127 2377 1243 2460 quihus
1271 2395 1333 2442 nou
1360 2377 1443 2460 potui

297 2502 360 2547 non
388 2483 523 2562 credero,
554 2481 664 2547 audiui
690 2487 723 2546 te
749 2482 991 2565 rescripturum,
1024 2484 1053 2548 si
1084 2482 1143 2547 tihi
1175 2482 1356 2549 scriberem.
1386 2484 1443 2547 ium

299 2590 395 2655 etiam
425 2588 548 2671 pridem
580 2590 656 2654 misi
686 2608 783 2654 unam
817 2590 1000 2671 epistulam,
1034 2608 1128 2673 quam
1158 2594 1264 2655 utrum
1293 2590 1442 2672 acceperis

298 2697 352 2761 uel
383 2696 412 2760 ei
440 2696 640 2778 responderis
668 2700 701 2760 et
727 2696 809 2762 forte
838 2715 896 2780 ego
926 2700 1014 2761 tuum
1038 2716 1099 2763 non
1124 2698 1310 2779 acceperim,
1333 2694 1442 2761 nescio.
1458 2719 1478 2757 u

297 2822 379 2867 nuno
402 2802 529 2867 interim
552 2807 638 2885 peto,
662 2802 804 2868 adhaec
832 2802 1021 2885 respondere
1045 2822 1083 2868 ne
1106 2804 1259 2886 granerio,
1285 2802 1369 2885 quod
1390 2801 1443 2865 tihi

288 2909 434 2973 uidetur.
468 2908 524 2975 sed
558 2910 621 2974 noli
654 2913 687 2974 te
714 2910 746 2973 in
776 2910 855 2974 alias
882 2909 996 2975 tollere
1020 2910 1237 2992 quaestionem
1271 2909 1345 2973 hinc
1367 2908 1442 2972 enim
1516 2914 1517 2991 i

298 3019 393 3099 caput
416 3019 472 3083 est.
489 3016 743 3082 ordinatissimae
767 3015 996 3097 inquisitionis,
1021 3034 1077 3080 cur
1100 3015 1241 3080 schisma
1258 3014 1377 3081 factum
1395 3013 1441 3077 sit
1516 3044 1517 3047 ¹

254 3132 272 3203 ἲ
343 3120 425 3187 Nam
449 3127 482 3185 et
504 3126 644 3187 terrenae
666 3124 844 3202 potestates
869 3140 941 3186 oum
966 3120 1188 3187 schismaticos
1207 3124 1442 3204 persequuntur.

299 3247 336 3293 ea
358 3228 468 3311 regula
492 3246 527 3293 so
556 3228 738 3304 defendunt,
767 3247 829 3311 qua
857 3228 935 3293 dicit
962 3230 1142 3311 apostolus:
1175 3227 1251 3308 Qui
1283 3226 1476 3293 resistita

298 3335 516 3417 potestati,
542 3335 605 3399 dei
630 3334 882 3401 ordinationi
904 3335 1088 3413 resistit;
1108 3336 1177 3418 qui
1201 3338 1336 3401 autem
1354 3336 1441 3400 resi·
1516 3338 1517 3423 J

298 3443 425 3517 stunt,
463 3441 548 3523 ipsi
586 3441 668 3506 sihi
709 3441 913 3506 iudicium
956 3441 1194 3523 adqui1·unt;
1237 3441 1440 3523 principes

298 3548 401 3611 enim
440 3566 514 3612 non
548 3551 643 3613 sunt
673 3546 816 3612 timori
848 3548 949 3613 hono
985 3548 1097 3631 operi
1129 3548 1198 3612 sed
1232 3548 1347 3612 malo.
1383 3546 1440 3610 uis

388 3791 422 3843 14
440 3789 485 3845 Pr.
504 3788 567 3851 2,ss
622 3788 752 3842 25110111.
774 3789 815 3849 13,
835 3790 904 3842 a-4

332 3932 397 3984 det
415 3935 481 3984 onte
499 3929 590 3983 dicitis
609 3929 661 3985 dez.
679 3933 746 3983 Μ
763 3930 791 3982 Ρ
857 3946 862 3955 ·
898 3928 1026 3985 hdioam
1051 3928 1127 3999 quid]
1153 3929 1242 3985 dicam
1263 3934 1311 3984 aut
1329 3929 1391 4000 quid
1409 3925 1442 3979 Μ

297 4019 442 4075 dhomine
460 4020 509 4087 (m
530 4025 612 4085 eros.)
632 4018 660 4071 P
711 4018 837 4073 8dieere
857 4019 954 4073 uellem
974 4019 1002 4074 R
1062 4020 1094 4074 13
1114 4019 1332 4073 uos-aduersus
1350 4016 1440 4072 oneP

299 4109 333 4161 14
349 4106 585 4177 hereditatemque
602 4108 631 4163 R
676 4108 708 4162 15
728 4108 818 4161 minor
835 4110 862 4162 A
900 4109 932 4161 17
951 4108 1083 4162 rescribat
1101 4108 1198 4161 istaut
1238 4108 1270 4162 18
1285 4124 1338 4161 uon
1353 4104 1440 4165 oceli
1516 4136 1517 4185 }

298 4198 331 4249 19
351 4196 444 4264 etiam]
464 4196 535 4251 enim
555 4196 580 4247 P
659 4195 777 4266 pridem]
798 4195 907 4265 quidem
925 4196 953 4252 R
1034 4197 1165 4267 acciperis
1188 4196 1219 4251 F
1302 4198 1336 4251 22
1359 4195 1438 4249 nolite

296 4284 326 4336 in
344 4287 370 4336 A
437 4285 472 4339 25
490 4286 555 4354 quia
573 4285 594 4352 (i
612 4289 683 4353 exp.)
703 4284 731 4338 P
806 4286 938 4355 potestati
956 4286 1061 4339 resistit
1077 4285 1137 4340 edd.
1226 4286 1260 4341 26
1280 4283 1438 4339 ordinationi

295 4389 353 4427 roe.
373 4378 417 4437 (ex
435 4372 605 4426 ordinatione
616 4373 642 4443 ἓ)
661 4372 692 4426 F
743 4375 778 4427 28
797 4374 861 4428 boni
882 4374 970 4443 operis
990 4375 1017 4428 P
1086 4374 1167 4441 maio,
1187 4378 1253 4429 Μ
1270 4374 1333 4429 mali
1352 4374 1377 4425 P
