3092 5217
491 459 757 529 epistularum
786 461 885 522 xlnv,
1201 469 1264 531 119

112 653 136 715 si
163 651 244 734 quid
270 651 354 717 forte
382 653 473 717 nobis
500 652 613 719 inuitis
641 655 695 720 uel
722 655 830 733 etiam,
860 657 887 720 si
911 657 1117 740 ualuerimus,
1142 662 1264 724 eontra·

113 758 292 823 dicentibus
320 758 442 823 factum
469 758 575 838 fuerit,
604 780 677 825 cum
705 762 904 826 tolerantiam
933 763 1096 847 pacificam
1121 763 1264 829 didiceri-

115 883 182 928 mus
211 863 339 928 dicente
367 865 530 947 apostolo:
563 865 826 932 sufferentes
859 867 1036 934 inuicem
1075 869 1113 934 in
1144 869 1264 934 dilec·

114 970 234 1048 tione,
282 969 503 1035 studentes
549 991 716 1037 seruare
761 975 964 1040 unitatem
1008 975 1185 1058 spiritus
1227 977 1264 1040 in

90 1077 282 1142 suincnlo
315 1076 440 1158 pacis.
475 1097 570 1160 quam
602 1099 713 1163 pacem
746 1085 844 1163 atque
874 1082 1075 1147 tolerantiam
1103 1081 1176 1147 illos
1204 1099 1264 1146 non

115 1183 257 1248 tenuisse
275 1183 473 1260 dicebamus,
493 1185 547 1267 qui
572 1186 712 1252 schisma
733 1187 886 1266 fecerunt,
910 1191 948 1252 ut
969 1207 1052 1254 nuno
1073 1187 1156 1252 inter
1179 1193 1266 1262 suos,

116 1291 165 1372 qui
187 1291 337 1357 mitiores
360 1310 468 1357 eorum
492 1296 576 1371 sunt,
602 1295 748 1377 grauiora
766 1295 912 1370 tolerent,
932 1315 970 1359 ne
990 1294 1162 1370 scindatur,
1182 1294 1267 1376 quod

117 1398 253 1464 scissum
286 1402 348 1478 est,
379 1418 453 1465 cum
484 1399 605 1465 leuiora
636 1401 759 1466 nollent
790 1413 846 1484 pro
879 1402 950 1483 ipsa
977 1401 1099 1466 unitate
1121 1401 1266 1466 tolerare.

118 1506 303 1570 dicebamus
335 1506 432 1571 etiam
463 1505 602 1571 nondum
629 1507 730 1572 fuisse
757 1507 955 1591 temporibus
984 1512 1129 1573 ueterum
1156 1525 1267 1589 paoem

84 1633 105 1672 ro
119 1612 250 1677 unitatis
293 1616 326 1678 et
365 1613 566 1678 tolerantiam
607 1616 697 1678 tanta
737 1613 1009 1679 commendatione
1054 1613 1266 1696 praedicatam

120 1719 200 1782 sicut
229 1720 376 1802 exemplo
404 1719 523 1784 domini
551 1723 584 1782 et
611 1719 683 1783 noui
714 1719 900 1784 testamenti
932 1719 1063 1784 caritate
1097 1722 1129 1784 et
1160 1723 1267 1782 tamen

120 1826 290 1907 prophetas
328 1827 402 1891 illos
435 1828 468 1890 et
499 1830 625 1891 sanctos
658 1825 745 1890 uiros
778 1825 881 1890 dicere
915 1825 1017 1891 solere
1049 1826 1081 1890 in
1113 1826 1267 1909 populum

122 1931 238 1996 scelera
271 1950 391 2008 eorum,
424 1951 498 1996 curn
529 1935 635 1996 tamen
664 1950 699 1996 se
727 1932 766 1996 ab
793 1932 883 1996 illius
911 1931 1020 2015 populi
1050 1931 1171 1996 unitate
1195 1934 1268 1996 eta

123 2037 342 2103 communione
365 2039 481 2120 pariter
503 2037 759 2120 accipiendorum
784 2041 1062 2115 sacramentorum,
1088 2056 1168 2120 quae
1191 2041 1269 2101 tuno

86 2164 109 2204 a
123 2142 259 2221 luerunt,
282 2144 433 2209 diuellere
455 2163 516 2210 non
538 2147 761 2228 temptassent.
843 2211 845 2214 .

54 2255 86 2316 12
163 2249 242 2314 Inde
274 2251 380 2316 nescio
414 2270 476 2334 quo
509 2251 602 2317 modo
630 2255 764 2316 uentum
792 2255 842 2316 est
870 2250 908 2315 ad
937 2249 1268 2316 commemorationem

125 2356 232 2420 beatae
261 2359 431 2422 memoriae
459 2356 622 2422 Genethlii
649 2357 802 2441 episcopi,
831 2356 915 2440 quod
943 2357 1050 2421 nescio
1081 2375 1175 2438 quam
1198 2373 1270 2420 con·

126 2461 323 2528 stitutionem
369 2463 476 2528 datam
517 2469 627 2529 contra
667 2465 741 2529 illos
784 2462 1007 2546 compresserit
1049 2465 1081 2526 et
1121 2461 1270 2526 ellectum

127 2568 237 2634 habere
269 2589 332 2635 non
361 2570 483 2635 siuerit.
511 2570 684 2635 laudabant
713 2571 806 2635 illum
836 2587 944 2634 omnes
978 2572 1010 2633 et
1042 2565 1270 2651 benignissime

89 2698 113 2736 n
127 2678 348 2757 praeferebant.
392 2679 476 2743 inter
517 2697 596 2760 quas
636 2678 749 2744 laudes
786 2699 804 2744 a
842 2677 933 2743 nobis
985 2677 1164 2742 subiectum
1210 2677 1270 2750 est,

127 2783 207 2864 quod
235 2785 332 2848 etiam
359 2784 430 2868 ipse
455 2789 561 2850 tamen
590 2784 790 2864 Genethlius,
819 2785 902 2850 siin
926 2803 1036 2849 eorum
1059 2801 1170 2847 manus
1193 2780 1270 2846 inci-

128 2887 233 2966 disset,
264 2889 509 2971 rebaptizandus
542 2894 732 2955 censeretur.
766 2893 799 2954 et
826 2889 904 2954 hace
932 2888 996 2954 iam
1020 2890 1140 2952 stantes
1162 2888 1271 2969 loque·

126 2995 244 3070 bamur,
268 2996 343 3078 quia
366 2995 549 3061 discedendi
571 3000 698 3079 tempus
723 2997 884 3079 urgueret.
917 2995 961 3058 ibi
985 2995 1076 3076 plane
1099 2993 1153 3058 ille
1178 3012 1272 3057 senex

128 3087 202 3168 dixit
222 3103 285 3168 iam
307 3104 442 3168 formam
466 3122 535 3168 esse
558 3103 685 3181 factam,
709 3107 756 3181 ut,
782 3101 928 3185 quisquis
952 3100 991 3165 ad
1015 3119 1069 3165 cos
1092 3099 1234 3164 fidelium
1254 3117 1271 3162 a

91 3231 113 3266 a
129 3209 216 3274 nobis
243 3210 374 3286 uenerit,
403 3210 592 3294 baptizetur,
622 3209 707 3293 quod
734 3229 808 3273 eum
836 3208 974 3273 inuitum
1003 3210 1036 3272 et
1063 3225 1135 3270 oum
1164 3205 1271 3270 dolore

129 3315 239 3393 dicere,
274 3320 430 3398 quantum
466 3319 601 3399 poterat,
638 3316 819 3398 apparebat.
858 3333 933 3378 sane
970 3331 1042 3378 oum
1075 3313 1171 3377 etiam
1202 3312 1271 3393 ipse

129 3423 227 3486 multa
263 3424 346 3488 mala
382 3441 513 3488 suorum
546 3422 746 3505 apertissime
779 3424 921 3506 gemeret
953 3425 1048 3501 atque
1081 3417 1271 3492 ostenderet,

131 3528 209 3611 quod
237 3529 336 3594 totius
365 3529 507 3594 ciuitatis
535 3529 603 3593 eius
632 3528 815 3593 testimonio
843 3526 1274 3610 probabatu1·,quamesset

217 3704 232 3757 a
252 3702 320 3772 upa.
338 3705 365 3768 4,
384 3703 456 3757 u-e

166 3826 355 3896 lueletiam]
374 3827 520 3880 ueletiam
539 3825 629 3880 MFA
701 3825 848 3878 ualerimus
867 3825 893 3876 A
955 3821 1085 3874 8nolent
1103 3819 1133 3873 F
1192 3819 1273 3871 12111

133 3913 269 3985 populoR
323 3915 357 3968 13
376 3931 468 3968 eorum
486 3931 520 3969 ea
537 3915 667 3968 torumP
737 3909 1049 3980 aorrc.,m.1add.M
1104 3909 1136 3962 16
1154 3905 1226 3960 unde
1241 3907 1276 3960 M

137 4005 165 4057 li
179 4003 318 4073 genethlii,
333 4009 399 4057 onte
411 4003 422 4056 l
435 4021 469 4058 m.
483 4003 585 4058 ataid.
600 4008 715 4072 lmpra
729 4003 794 4058 add.
811 4003 820 4055 i
834 4001 864 4055 F
879 3999 1023 4070 genethilii
1043 3998 1069 4051 A
1136 3994 1274 4050 Genetblii

136 4091 352 4161 Carthaginensis
377 4096 440 4146 ante
465 4091 603 4146 Aurelium
630 4093 750 4162 episcopi
773 4109 798 4146 m
898 4091 931 4143 19
957 4087 1071 4150 sinuerit
1098 4090 1126 4152 (n
1151 4090 1221 4153 cap.)
1249 4085 1276 4137 P

135 4184 166 4236 tl
184 4187 277 4235 tamen
293 4198 343 4235 om.
361 4182 398 4236 M
449 4181 615 4252 genetbilius
634 4181 724 4236 MFA
783 4180 806 4234 si
825 4196 876 4234 om.
895 4178 922 4231 P
976 4177 1009 4230 22
1028 4176 1094 4245 iam]
1113 4173 1222 4244 quidem
1239 4173 1276 4226 M

136 4273 168 4326 ‘23
186 4269 306 4324 dnoenui
322 4271 353 4325 F
403 4272 438 4326 25
457 4271 551 4326 dolore
570 4270 653 4324 animi
672 4269 761 4324 dicere
780 4269 873 4336 firm
926 4266 961 4320 28
983 4281 1035 4334 quo
1055 4264 1082 4319 R
1145 4262 1276 4331 probatur

138 4358 307 4426 11111011.Ῑὲ
324 4375 391 4416 corr.
409 4360 586 4430 probabatur)
