3092 5217
281 470 348 533 424
647 473 674 523 S.
703 468 840 524 Aureli
870 470 1087 539 Augustini

283 665 328 730 sit
358 684 488 730 necesse
522 669 571 730 est
602 666 747 742 molesta,
782 665 856 747 quia
887 664 1008 729 neutris
1042 669 1092 730 est
1122 666 1261 731 inimica
1294 685 1366 730 nam
1396 672 1427 731 et

283 772 458 855 phrenetici
494 772 608 837 nolunt
642 772 735 855 ligari
772 776 805 835 ct
840 772 1007 856 lethargici
1044 772 1157 837 nolunt
1192 773 1337 844 excitari:
1373 772 1426 838 sed

283 882 468 961 perseuerat
500 879 664 963 diligentia
695 879 838 945 caritatis
870 879 1090 961 phreneticum
1122 880 1289 963 castigare,
1318 880 1427 943 lethar-

284 986 391 1068 gicum
420 986 595 1063 stimulare,
624 986 734 1051 ambos
758 1004 872 1050 arnare.
906 986 1427 1061 amhootionduntur,soda1nbo
1516 1058 1517 1063 ἵ

285 1090 473 1175 diliguntnr;
497 1092 591 1160 ambo
612 1092 785 1169 molestati,
805 1111 900 1175 quarn
920 1092 974 1157 din
994 1092 1082 1176 aegri
1105 1096 1189 1167 sunt,
1214 1092 1425 1176 indignantur.
1455 1115 1465 1151 a
1516 1094 1517 1103 ³

286 1198 342 1263 sod
365 1198 457 1263 ambo
482 1199 583 1265 sanati
607 1199 819 1283 gratulantur.

242 1302 260 1365 7
329 1304 474 1388 Denique
498 1324 569 1381 non,
595 1306 680 1369 sicut
702 1309 817 1389 putant
840 1310 872 1371 et
895 1306 980 1371 sicut
1002 1306 1131 1384 iactant,
1154 1306 1235 1371 tales
1260 1325 1315 1371 eos
1335 1307 1431 1370 susci-

285 1410 402 1494 pimus,
432 1412 541 1493 quales
565 1412 703 1488 fuerunt,
728 1411 784 1475 sed
809 1412 935 1476 omnino
959 1415 1111 1491 mutatos,
1135 1412 1210 1495 quia
1233 1431 1305 1477 csso
1330 1412 1431 1477 catho·
1517 1475 1518 1509 ἢ

284 1518 340 1583 lici
363 1537 424 1583 nou
448 1518 614 1601 incipiunt,
638 1518 699 1582 nisi
722 1519 873 1583 haeretici
897 1537 968 1583 esse
996 1518 1185 1585 destiterint.
1219 1538 1322 1601 neque
1352 1520 1431 1583 eninr

286 1628 483 1689 sacramenta
518 1644 628 1690 eorum
664 1625 756 1690 nohis
795 1624 923 1691 inimica
960 1628 1045 1703 sunt,
1084 1645 1164 1707 quae
1197 1626 1227 1689 in
1260 1626 1327 1689 illis
1361 1638 1430 1690 sunt
1448 1645 1469 1683 o

286 1731 377 1797 nobis
400 1731 591 1807 communia,
616 1732 774 1815 quianon
798 1732 935 1797 humana
959 1732 1114 1797 suntsed
1138 1732 1256 1799 diuina.
1289 1732 1431 1816 proprius

287 1857 396 1905 eorum
419 1857 504 1903 error
525 1838 715 1903 auferendus
739 1841 798 1915 est,
823 1858 915 1921 quern
941 1840 1023 1903 male
1042 1838 1232 1917 inhiberent,
1253 1858 1315 1905 uon
1336 1858 1431 1903 sacra·

285 1950 402 2024 menta,
439 1964 520 2027 qnae
557 1945 704 2010 similiter
739 1950 938 2027 acceperunt,
977 1966 1057 2029 quae
1094 1946 1134 2010 ad
1170 1964 1304 2029 poenam
1346 1964 1431 2010 suam

286 2056 414 2137 portant
437 2060 469 2117 et
491 2052 620 2130 hahent,
643 2057 760 2135 quanto
780 2052 943 2136 indignius
963 2052 1089 2129 habent,
1110 2052 1166 2117 sed
1185 2056 1290 2117 tament
1310 2052 1431 2116 hahent.
1518 2046 1519 2049 ’

288 2179 391 2225 errore
427 2160 535 2242 itaquo
572 2158 734 2236 derelicto,
772 2160 982 2243 separationis
1019 2160 1177 2242 prauitatc
1216 2162 1357 2223 correcta
1396 2158 1431 2221 ah
1449 2180 1469 2217 a

287 2266 412 2332 haeresi
444 2266 484 2331 ad
516 2266 670 2330 ecclesiae
702 2284 813 2348 pacem
845 2268 1020 2344 transeunt,
1055 2286 1148 2349 quarn
1178 2284 1238 2330 non
1267 2265 1431 2329 habehant.

288 2374 356 2439 sine
380 2392 443 2455 qua
464 2373 528 2439 illis
552 2373 765 2455 perniciosum
790 2374 903 2450 fuerat,
928 2373 1014 2455 quod
1036 2372 1205 2439 habebant.
1230 2372 1286 2437 sed
1306 2372 1345 2450 si,
1365 2390 1432 2435 curn

287 2483 461 2555 transeunt,
488 2479 556 2545 ficti
583 2483 667 2556 sunt,
695 2500 756 2544 non
787 2484 837 2544 est
864 2481 925 2544 iarn
950 2481 1009 2546 hoc
1032 2482 1177 2545 nostrum
1202 2478 1258 2543 sed
1282 2478 1335 2543 dei
1357 2476 1432 2543 iudi-

289 2588 388 2663 cium;
423 2590 455 2651 et
482 2590 586 2651 tamen
611 2585 740 2669 quidam
765 2606 837 2651 curn
861 2586 928 2651 ficti
951 2590 1148 2669 putarentur,
1172 2586 1322 2667 quoniam
1345 2584 1432 2649 iussi·

289 2696 358 2759 onis
390 2694 430 2758 ad
462 2713 519 2759 nos
547 2698 665 2758 terrore
692 2694 896 2771 transierunt,
925 2694 1006 2757 tales
1033 2692 1193 2776 posterius
1217 2693 1248 2755 in
1272 2690 1429 2757 nonnullis
1445 2716 1466 2753 a

287 2800 551 2884 temptationibus
574 2800 697 2865 inuenti
718 2803 805 2875 sunt,
824 2804 862 2864 ut
880 2800 1070 2881 quibusdam
1088 2800 1252 2863 ueteribus
1271 2796 1431 2863 catholicis

288 2908 526 2992 praeferrentur.
564 2926 624 2971 nou
657 2925 731 2992 ergo
763 2906 845 2971 nihil
877 2907 993 2990 agitur,
1025 2924 1099 2970 curn
1130 2906 1286 2970 instanter
1317 2905 1430 2989 agitur:

287 3034 391 3097 neque
422 3014 506 3078 enim
534 3014 612 3079 solis
639 3013 787 3078 humanis
815 3013 987 3078 terroribus
1016 3032 1125 3077 murus
1150 3012 1245 3077 durae
1270 3014 1432 3077 eonsuetu-

288 3121 370 3187 dinis
394 3124 599 3205 expugnatur,
623 3121 680 3185 sed
704 3121 800 3185 etiam
825 3120 942 3186 diuinis
967 3120 1210 3185 auctoritatibus
1230 3122 1325 3201 atque
1344 3119 1431 3182 ratio·

288 3228 382 3293 nibus
406 3228 484 3293 fides
509 3232 541 3292 et
563 3228 784 3311 intellegentia
807 3228 922 3293 mentis
946 3227 1123 3291 instruitur.

245 3340 264 3402 8
334 3333 422 3413 Quae
446 3354 519 3399 curn
542 3335 588 3399 ita
611 3335 684 3412 sint,
709 3336 835 3398 nouerit
857 3333 1035 3418 benignitas
1059 3337 1116 3398 tue
1139 3334 1283 3398 homines
1302 3336 1431 3397 uestros.

289 3442 344 3524 qui
377 3442 408 3505 in
442 3442 570 3525 regione
598 3441 808 3525 Hipponiensi
837 3444 922 3517 sunt,
952 3441 1054 3505 adhuc
1079 3460 1148 3504 esse
1172 3440 1356 3504 Donatistae
1380 3456 1431 3501 ner

324 3668 340 3720 2
362 3667 428 3731 noli,
452 3683 520 3720 corr.
543 3670 604 3719 m.1
626 3666 725 3720 nolunt
742 3666 780 3719 Μ
885 3666 974 3735 ligori,
998 3682 1067 3721 corr.
1090 3682 1124 3721 m.
1149 3672 1181 3719 ut
1203 3664 1261 3718 uid.
1282 3664 1391 3734 ilignri
1407 3662 1435 3715 F

289 3758 305 3809 3
324 3759 454 3825 parserat,
473 3772 543 3809 corr.
557 3760 618 3809 nal
635 3758 793 3824 perseuerat
804 3756 840 3808 M
894 3755 1017 3809 caritatis
1032 3754 1178 3825 diligentia
1191 3756 1306 3823 punctis
1320 3770 1386 3808 corr.
1400 3750 1434 3805 Μ

289 3844 400 3913 daegri
419 3861 470 3898 om.
489 3846 516 3898 A
571 3845 653 3899 'leos
673 3861 723 3897 om.
742 3844 771 3898 R
843 3842 1011 3911 suscepimus
1030 3842 1139 3897 Fatue
1195 3843 1227 3897 10
1246 3842 1286 3912 in]
1305 3860 1362 3895 curn
1376 3840 1430 3895 edd.

284 3940 427 4001 praetera
480 3934 559 3987 nobis
578 3937 642 3987 sunt
660 3933 721 3986 odd.
779 3934 810 3987 11
831 3932 918 3995 nobis,
937 3936 1002 3987 m.2
1022 3936 1050 3985 et
1067 3932 1197 3985 nobisM
1251 3934 1284 3986 14
1303 3931 1430 4000 indignus.

289 4038 357 4076 corr.
377 4027 437 4077 aa]
455 4022 594 4091 indignius
612 4022 643 4075 F
692 4024 725 4077 15,
744 4022 778 4075 ab
797 4022 915 4091 haeresi]
935 4020 1036 4075 hahere
1055 4022 1078 4074 si
1096 4021 1156 4074 ΜΑ
1210 4021 1242 4076 16
1260 4021 1360 4075 habent
1372 4034 1432 4072 sene

289 4112 369 4181 (corr.
390 4116 451 4165 m.1
469 4112 538 4178 sine)
558 4110 589 4165 F
642 4112 675 4165 17
694 4111 718 4163 si
737 4110 893 4164 oraMFA
949 4112 982 4163 18
1001 4110 1094 4164 llltficti
1114 4112 1142 4176 (ti
1161 4109 1319 4177 eros.?)llI
1385 4109 1431 4161 hor

288 4201 343 4253 ianr
361 4201 389 4253 P
406 4200 466 4253 edd.
535 4202 568 4254 19
587 4201 719 4254 iussiones
738 4200 764 4252 A
833 4199 865 4253 21
887 4198 1026 4253 ueteribus
1044 4215 1095 4253 om.
1115 4200 1142 4254 It
1210 4200 1244 4253 22
1263 4198 1430 4269 proferentur,

290 4304 359 4341 corr.
373 4306 407 4341 m.
419 4293 434 4341 1
450 4288 634 4359 proferrentur
645 4288 677 4343 F
692 4288 869 4357 proferentur,
890 4304 959 4344 corr.
975 4306 1008 4343 m.
1019 4293 1034 4341 1
1047 4287 1235 4358 praeferentur
1248 4288 1285 4341 Μ
1318 4288 1350 4341 23
1363 4285 1429 4339 darc.

290 4392 357 4431 corr.
378 4382 438 4431 m.1
456 4376 520 4430 dure
536 4376 565 4431 F
611 4379 645 4432 27
665 4377 828 4448 hipponensi
843 4377 869 4430 A
888 4376 948 4433 cdd.
968 4377 1155 4449 hipponiensis
1174 4376 1274 4447 (posta.
1290 4378 1306 4431 1.
1321 4381 1387 4444 erp.)
1399 4372 1432 4426 Μ
