3092 5217
355 524 622 595 epistularum
650 524 749 580 cxln.
779 525 871 580 CXIV.
902 525 981 582 CXV.
1200 531 1263 594 661

115 722 249 786 recitata
268 725 327 798 est,
349 725 455 786 tarum
474 721 569 786 otiam
593 741 675 786 nionc
694 741 764 786 earu
784 742 856 787 cum
879 723 929 787 his
953 722 1068 788 litteris
1091 723 1265 788 identidem

114 829 189 893 misi
217 847 279 894 non
305 832 427 894 terrens
455 829 512 893 sed
538 847 652 913 rogans
681 833 713 893 et
739 849 795 913 pro
823 831 950 895 homine
977 830 1114 895 humane
1142 833 1174 894 et
1202 831 1265 912 epi-

115 935 237 1019 scopali
269 934 497 1010 misericordia,
530 939 683 1018 quantum
719 936 790 1018 ipsa
826 937 984 1018 permittit
1020 938 1201 1002 humanitas
1234 938 1266 1002 et

114 1041 229 1124 pietas,
257 1041 465 1118 intercedens,
494 1042 619 1107 domine
648 1041 702 1118 fili,
732 1046 826 1106 utet
852 1043 911 1108 hoc
940 1043 1165 1109 existimationi
1191 1046 1266 1108 tuae

83 1153 149 1219 set
173 1149 322 1231 petitioni
349 1167 439 1212 meae
466 1152 626 1232 praestare
650 1149 788 1232 digneris
813 1153 854 1229 et,
879 1151 963 1234 quod
989 1150 1039 1215 lex
1066 1150 1265 1234 imperatoris

113 1255 215 1335 iubet,
244 1255 336 1320 ouius
363 1255 409 1318 rei
441 1255 587 1337 publicae
615 1255 745 1332 militas,
772 1275 844 1320 meo
874 1276 998 1339 quoque
1025 1257 1206 1322 interuentu
1234 1259 1266 1322 et

114 1361 338 1444 deprecatione
361 1361 529 1426 accedente
553 1362 655 1427 facore
678 1382 740 1426 non
764 1364 917 1448 granerio.

643 1555 738 1621 CXV.

111 1692 261 1749 DOMINO
287 1692 504 1749 BEATISSIMO
530 1693 576 1748 ET
598 1693 892 1748 VENERABILITER
916 1694 1108 1751 CARISSIMO
1132 1695 1264 1750 FRATRI

73 1807 96 1845 ιο
110 1782 161 1837 ΕΤ
180 1781 461 1838 consessionem
478 1781 698 1837 FORTUNATO
718 1783 764 1837 ΕΤ
784 1783 847 1849 QUI
866 1783 988 1840 TECUM
1007 1783 1101 1841 SUN'I
1118 1783 1264 1840 FRATRI·

319 1870 390 1926 BUS
408 1870 638 1926 AUGUSTINUS
658 1871 699 1926 IN
716 1871 863 1928 DOMINO
883 1873 1058 1930 SALUTEM.

157 1998 350 2063 Fauentium
368 1999 449 2062 bene
467 1999 558 2063 nouit
577 1999 729 2064 sanctitas
748 2003 814 2075 tua,
835 2000 890 2082 qui
908 2001 1141 2066 Paratianensis
1161 2002 1263 2065 saltus

110 2105 289 2170 conductor
310 2105 382 2170 tuit.
406 2104 435 2169 is
455 2124 528 2169 cum
547 2105 585 2169 ab
606 2105 749 2171 eiusdem
773 2107 986 2188 possessionis
1006 2107 1133 2172 domino
1156 2107 1264 2172 nescio

111 2210 192 2294 quid
225 2209 287 2274 sibi
317 2213 485 2285 metueret,
517 2209 556 2276 ad
583 2211 834 2292 Hipponiensem
867 2213 1011 2298 confugit
1038 2213 1204 2278 eeclesiam
1233 2217 1265 2279 et

71 2343 95 2382 rs
110 2317 159 2382 ibi
193 2321 270 2396 erat,
308 2320 345 2382 nt
377 2315 597 2401 confugientes
631 2319 743 2399 solent,
778 2321 954 2402 expectans,
988 2339 1050 2402 quo
1082 2319 1176 2385 modo
1208 2340 1265 2402 por

109 2427 375 2492 intercessionem
399 2427 539 2490 nostram
568 2442 626 2487 sua
649 2425 778 2508 negotia
799 2425 991 2490 terminaret.
1018 2425 1081 2508 qui,
1109 2431 1147 2491 nt
1170 2447 1264 2512 saepo

110 2534 160 2614 fit,
190 2552 247 2617 per
269 2532 337 2596 dies
365 2531 509 2616 singulos
533 2530 639 2594 minus
662 2530 832 2614 minusque
860 2532 1018 2598 sollicitus
1043 2536 1075 2598 et
1098 2533 1189 2616 quasi
1211 2535 1264 2598 ad-

110 2639 256 2706 uersario
284 2641 427 2703 cessante
460 2656 591 2703 securus
620 2655 693 2702 cum
721 2638 760 2701 ab
790 2637 890 2703 amico
919 2657 976 2704 sno
1006 2639 1043 2704 de
1072 2658 1149 2704 cena
1177 2660 1263 2725 egre·

112 2747 251 2825 deretur,
285 2745 391 2810 subito
423 2747 534 2828 raptus
562 2747 613 2809 est
645 2763 663 2808 a
689 2744 870 2811 Florentino
900 2745 1047 2829 quodam,
1080 2749 1117 2812 ιιι
1144 2746 1263 2824 dicunt,

70 2875 95 2914 ro
112 2853 242 2920 comitis
256 2852 384 2918 officiali
396 2871 454 2936 per
467 2855 659 2916 armatorum
677 2870 816 2929 manum,
828 2854 946 2934 quanta
955 2852 1001 2918 eis
1017 2852 1129 2918 adhoc
1143 2854 1264 2918 factum

112 2961 263 3026 sufficere
286 2959 358 3024 nisa
380 2963 440 3025 est.
469 2957 650 3041 quodcum
677 2959 757 3023 mihi
785 2959 964 3023 nuntiatum
988 2962 1064 3023 esset
1091 2964 1124 3024 et
1150 2959 1262 3040 adhuc,

112 3087 178 3152 quo
210 3065 264 3132 uel
296 3087 315 3131 a
342 3065 458 3148 quibus
489 3067 600 3148 raptus
630 3064 735 3144 suerit,
767 3065 951 3144 nesciretur,
985 3066 1125 3149 suspicio
1157 3070 1263 3132 tamen

113 3177 203 3240 essct
226 3174 264 3238 de
292 3173 359 3251 illo,
384 3192 477 3256 quem
505 3174 651 3236 metuens
679 3191 713 3237 se
740 3192 796 3255 per
819 3173 986 3238 ecclesiam
1009 3173 1168 3250 tuebatur,
1192 3191 1264 3238 con-

113 3283 204 3348 tiuuo
228 3280 302 3346 misi
321 3280 360 3343 ad
383 3279 557 3354 tribunum,
581 3278 635 3362 qui
655 3279 863 3345 custodiendo
886 3279 973 3345 litori
992 3281 1185 3344 constitutus
1204 3282 1263 3346 est.

71 3411 96 3451 as
114 3387 206 3453 misit
223 3387 393 3463 militarem
414 3406 505 3452 nemo
525 3385 631 3470 potuit
648 3386 787 3469 reperiri.
807 3385 864 3452 sed
882 3405 973 3450 mano
993 3386 1211 3470 cognocimus,
1232 3392 1264 3451 et

113 3495 145 3559 in
166 3514 230 3577 qua
248 3494 341 3560 domo
360 3494 458 3558 fuerit
476 3496 508 3558 et
526 3493 610 3576 quod
632 3495 708 3576 post
729 3493 807 3576 galli
827 3496 955 3558 cantum
974 3513 1045 3558 cum
1065 3493 1120 3558 illo
1140 3492 1263 3558 absces-

150 3756 167 3808 2
185 3754 263 3807 missi
281 3751 307 3806 Τ
415 3755 433 3807 4
451 3756 483 3806 ut
500 3769 532 3806 ex
550 3751 770 3808 succedanea.
785 3759 898 3822 ριάιιον
912 3771 938 3807 m
1052 3756 1068 3809 s
1086 3771 1146 3808 meo
1167 3759 1210 3820 (eo
1229 3756 1262 3809 in

115 3848 183 3908 raa.)
209 3842 264 3897 VU

203 4001 283 4056 Idem
300 4001 414 4068 codices,
433 4000 482 4068 gai
498 4001 531 4054 ia
549 4017 589 4069 ep.
611 4000 720 4054 CXIII
736 4006 761 4054 et
782 4001 888 4054 CXIV.

151 4162 185 4215 12
203 4160 404 4228 paracianensis
427 4159 479 4214 ΤΕ
541 4161 574 4214 13
594 4159 689 4214 ductor
711 4159 739 4215 U
798 4163 831 4215 14
849 4161 978 4215 metuerit
1001 4161 1056 4216 VU
1123 4177 1261 4232 ypponen·

115 4265 169 4303 sem
192 4249 219 4302 Τ
238 4249 416 4320 ipponeusem
444 4248 500 4303 VU
518 4249 721 4319 Hipponensem
744 4249 804 4304 edd.
916 4251 948 4304 16
970 4249 1101 4320 nostram]
1125 4266 1212 4303 meam
1231 4250 1265 4302 H

114 4339 145 4392 21
166 4339 228 4391 uisa
247 4342 290 4392 est
308 4337 430 4392 sufficere
454 4337 481 4392 U
564 4342 637 4392 esset
654 4340 813 4392 coniectura
832 4339 932 4392 addidi
1004 4339 1039 4392 22
1058 4339 1122 4408 quo]
1143 4355 1263 4408 aquea

113 4425 204 4496 Maga.
277 4426 448 4496 ignoraretur
464 4426 525 4480 edd.
581 4427 615 4481 25
633 4427 771 4496 repperiri,
791 4443 859 4481 corr.
879 4432 939 4482 m.1
956 4427 1092 4498 repperire
1110 4426 1138 4481 It
