3092 5217
459 461 722 529 epistularum
750 459 830 512 LXV.
857 459 951 512 LXVI.

650 655 761 718 LXVI.

75 803 86 862 1
184 797 283 862 Deum
316 796 444 879 quidem
476 796 588 861 timere
624 795 777 872 debuisti3
812 794 867 859 sed
896 795 970 878 quia
992 797 1023 860 in
1047 796 1277 879 rebaptizandis

143 903 405 989 Mappaliensibus
439 903 524 968 sicut
555 903 649 967 homo
682 902 788 966 timeri
824 902 967 978 uoluisti,
1003 921 1058 966 cur
1084 922 1145 966 non
1172 903 1279 966 ualeat

143 1011 235 1076 iussio
267 1011 384 1094 regalis
416 1009 447 1074 in
479 1010 653 1092 prouincia,
686 1010 714 1074 si
741 1012 865 1073 tantum
895 1009 998 1073 ualuit
1024 1009 1124 1074 iussio
1153 1008 1279 1092 prouin-

118 1117 225 1182 scialis
263 1119 295 1180 in
333 1116 433 1181 uilla?
471 1117 498 1180 si
535 1135 685 1198 personas
723 1133 896 1198 compares,
929 1119 966 1180 ιιι
1006 1134 1182 1199 possessor,
1225 1115 1279 1179 ille

144 1225 319 1306 imperator3
359 1224 386 1287 si
421 1223 494 1287 loca
528 1241 702 1306 compares,
738 1226 775 1287 tu
812 1224 843 1286 in
881 1222 989 1301 fundo,
1027 1223 1081 1287 ille
1109 1221 1140 1286 in
1172 1240 1278 1305 rogum

145 1330 169 1394 si
195 1349 305 1394 causas
333 1348 507 1412 compares,
542 1330 597 1393 ille
627 1332 666 1393 ut
697 1329 812 1394 dinisio
845 1329 1043 1407 resarciatur,
1076 1332 1111 1393 tu
1144 1333 1182 1392 ut
1212 1328 1280 1392 uui-

144 1441 188 1500 tus
221 1436 393 1501 diuidatnr.
428 1436 484 1500 sed
521 1455 577 1501 nos
614 1438 647 1499 te
679 1435 717 1500 de
754 1435 879 1500 homine
916 1455 976 1501 non
1009 1439 1175 1500 terremus.
1208 1454 1280 1499 nam

145 1561 304 1625 possemus
338 1561 441 1627 agere,
469 1546 508 1607 ut
535 1542 643 1608 decem
670 1543 767 1607 libras
792 1542 859 1607 auri
883 1541 1057 1608 secundum
1080 1542 1281 1625 imperatoria

109 1649 225 1714 roiussa
246 1650 457 1732 persolueres.
483 1668 521 1714 au
544 1650 625 1714 forte
648 1653 815 1732 propterca
836 1669 897 1714 nou
920 1649 1028 1725 hahes,
1052 1648 1134 1713 unde
1157 1647 1280 1724 reddas,
1343 1663 1346 1671 ⁴

146 1755 220 1837 quod
249 1756 323 1819 dare
350 1756 432 1819 iussi
460 1758 536 1819 sunt
557 1755 812 1838 rebaptizatores,
838 1753 912 1819 dum
937 1755 1075 1819 multum
1100 1773 1220 1840 erogas,
1244 1757 1282 1819 ut

146 1882 235 1940 amas,
265 1883 343 1944 quos
371 1861 567 1944 rebaptizes?
596 1862 652 1927 sed
679 1881 747 1938 nos,
777 1865 814 1926 ut
841 1861 913 1938 dixi,
944 1861 981 1926 de
1009 1861 1136 1926 homins
1163 1865 1196 1926 te
1219 1880 1280 1925 uon

146 1971 307 2044 tenemus3
342 1969 490 2034 Christus
521 1971 553 2032 tc
585 1969 693 2051 potius
725 1971 853 2034 terreat.
892 1968 943 2033 cui
976 1970 1050 2034 uolo
1088 1967 1167 2032 scire
1205 1967 1281 2050 quid

146 2075 338 2159 respondeas,
362 2076 391 2139 si
413 2075 472 2139 tibi
497 2075 597 2140 dicat:
621 2074 785 2157 ‘Crispina
811 2094 917 2139 carum
941 2074 1003 2138 init
1020 2074 1161 2158 pretium
1188 2077 1280 2138 tuum

112 2181 181 2244 naal
211 2180 377 2246 emendum
409 2181 556 2248 timorem
583 2181 849 2265 Mappaliensium
878 2184 911 2246 et
937 2181 1012 2245 uilis
1040 2200 1125 2245 mors
1148 2199 1218 2244 mea
1242 2181 1282 2244 ad

149 2288 306 2353 emendum
330 2308 469 2354 amorem
493 2287 636 2354 omnium
654 2288 818 2371 gentium?
837 2291 911 2372 plus
930 2288 1033 2352 ualuit
1050 2285 1282 2368 rebaptizandis

150 2396 260 2461 colonis
293 2396 370 2472 tuis,
405 2395 490 2478 quod
522 2399 723 2459 numeratum
757 2398 807 2459 est
844 2395 881 2458 de
920 2396 1046 2460 sacculo
1081 2397 1148 2472 tuo,
1187 2414 1281 2477 quam

148 2501 337 2585 baptizandis
361 2503 489 2586 populis
512 2502 604 2577 meis,
629 2503 713 2584 quod
736 2503 878 2567 manauit
901 2502 939 2566 de
963 2503 1060 2566 latere
1087 2503 1191 2565 meol'
1219 2502 1284 2566 scio

150 2613 177 2672 tc
201 2612 291 2692 plura
318 2609 427 2674 audire
456 2628 560 2692 posse,
586 2610 612 2672 si
637 2608 762 2674 Christo
787 2628 893 2674 aurem
917 2609 1078 2694 praehens,
1103 2610 1135 2672 et
1158 2627 1193 2672 cr
1216 2607 1286 2689 ipsa
1332 2659 1340 2670 .

114 2723 199 2780 utus
235 2717 443 2799 possessione⁴
480 2716 650 2792 admoneri,
694 2736 788 2798 quam
828 2717 926 2800 impia
973 2719 1081 2780 contra
1122 2713 1284 2779 Christum

245 2941 283 2994 M
299 2964 332 2989 =
352 2941 410 2994 cod.
431 2940 611 2995 Monacensis
632 2944 712 2994 6266
728 2958 750 2995 a.
770 2943 807 2994 X.

246 3029 277 3083 F
300 3055 333 3074 =
353 3029 413 3084 cod.
431 3029 651 3099 Sulisbscrpcasis
668 3031 699 3084 X
717 3033 757 3083 29
773 3047 795 3082 s.
815 3031 936 3084 X-Xl.

247 3120 274 3171 A
302 3143 336 3163 =
355 3119 414 3173 cod.
433 3118 740 3187 Audomaropolitcncs
761 3123 807 3182 76,
828 3122 854 3183 8,
877 3121 895 3172 9
912 3136 933 3173 s.
953 3119 1074 3172 X-XI.

247 3207 275 3260 P
300 3231 334 3254 =
354 3207 412 3263 cod.
432 3206 583 3261 Parisinus
599 3223 665 3260 nou.
685 3224 743 3275 aeq.
763 3212 840 3262 1444
858 3225 879 3262 s.
900 3208 954 3262 XI.

248 3295 276 3350 R
299 3319 333 3342 =
354 3294 684 3366 cod.Mus.Brit.1lep.
707 3296 772 3349 51>
795 3295 839 3349 VI
854 3313 874 3350 s.
895 3296 1052 3349 XI—XH.

183 3469 278 3540 Incipit
301 3470 412 3524 libellus
438 3471 525 3524 sancti
551 3470 690 3539 augustini
716 3471 835 3540 episcopi
866 3470 993 3524 catholici
1020 3474 1114 3524 contra
1141 3472 1285 3542 crispinum

153 3555 326 3612 chismaticum
343 3559 383 3612 M
402 3559 468 3612 item
491 3559 588 3628 incipit
610 3558 719 3612 libellus
742 3558 829 3612 sancti
853 3559 992 3628 augustini
1015 3560 1134 3629 episcopi
1158 3559 1285 3614 catholici

154 3650 238 3701 contra
261 3649 455 3719 crispinianum
478 3648 679 3702 schismaticum
702 3649 742 3701 ita
765 3647 821 3702 Fa
843 3647 915 3701 idem
941 3648 1039 3716 incipit
1063 3648 1172 3702 libellus
1199 3649 1286 3703 sancti

154 3737 282 3805 cogamini
299 3738 420 3808 episcopi
439 3737 567 3792 catholici
587 3741 681 3792 contra
700 3736 863 3806 crispianum
883 3741 910 3801 (a
924 3736 975 3790 dcl.
989 3753 1024 3789 m.
1035 3739 1065 3801 2)
1085 3736 1285 3792 schismaticum

153 3826 189 3878 its
203 3825 230 3878 P
244 3826 308 3880 item
328 3827 447 3896 epistula
466 3825 586 3880 ciusdem
605 3826 744 3895 augustini
764 3824 798 3878 ad
817 3825 930 3878 eundem
952 3826 1105 3893 (praecedit
1123 3843 1162 3895 ep.
1182 3827 1240 3898 LI)
1257 3829 1285 3882 R

185 3913 329 3983 Inscriptio
347 3915 421 3968 deest
483 3914 650 3969 2dcbuistis
668 3913 734 3967 ΜΡ
794 3913 1046 3983 31uappalcnsibus
1060 3914 1177 3970 MFAR
1250 3918 1285 3970 ti-

156 4017 219 4056 merc
236 4003 263 4055 Ρ
332 4003 454 4064 uoluisti,
473 4019 541 4057 corr.
560 4003 672 4056 noluisti
690 4002 718 4055 P
770 4004 1119 4072 5possessor-compares
1137 4007 1168 4057 tu
1187 4020 1231 4058 om
1258 4007 1286 4058 A

186 4091 223 4145 illi
240 4092 278 4146 Μ
327 4093 519 4162 timpsratur,
538 4095 604 4145 ιιι.3
622 4093 769 4162 imperator
787 4090 818 4145 F
870 4091 928 4144 lsi
948 4092 1029 4145 etiarn
1049 4108 1142 4146 causas
1160 4093 1188 4147 Ic
1255 4097 1285 4146 tu

158 4180 193 4248 ut]
210 4184 247 4244 to,
265 4186 378 4235 rn.2tu
395 4185 429 4235 ut
446 4180 474 4233 P
535 4182 568 4236 10
587 4180 684 4234 reddes
702 4180 739 4233 M
802 4180 835 4232 12
853 4181 885 4233 ut
903 4179 959 4232 diri
978 4179 1011 4233 da
1029 4180 1139 4234 homins
1158 4197 1211 4234 non
1231 4186 1285 4234 tar-

156 4283 235 4321 murus
253 4277 280 4321 te
298 4268 325 4323 R
342 4275 371 4324 ts
390 4272 423 4323 ut
440 4270 495 4323 dixi
515 4269 547 4322 de
565 4269 675 4322 homino
693 4285 748 4321 non
767 4272 899 4321 terramus
918 4267 977 4323 edd.
1053 4268 1085 4323 13
1103 4269 1194 4338 potius
1212 4272 1240 4322 tc
1259 4269 1287 4324 R

159 4357 188 4408 14
204 4363 246 4410 cai
265 4357 295 4411 F
346 4360 379 4412 19
398 4375 490 4411 aurem
508 4359 609 4412 christo
627 4357 656 4412 R
710 4358 746 4412 20
762 4356 932 4426 possessione
951 4361 1000 4409 tua
1018 4355 1046 4410 R
