3092 5217
438 541 702 611 epistularum
730 541 829 596 LVIII.
858 542 926 596 LIX.
1190 546 1254 608 219

120 737 280 814 heminam,
304 736 343 800 de
367 738 483 820 quibus
507 757 563 819 per
585 741 616 801 ta
641 737 798 802 catholiea
822 742 922 803 mater
941 739 1069 816 exultat,
1090 758 1255 823 aspernere

121 845 204 907 etiam
226 843 387 927 superflua
409 847 598 908 metuentes.

637 1037 718 1104 LIX.

122 1175 253 1229 aomo
267 1173 483 1229 BEATISSIIIO
498 1173 544 1228 ET
555 1173 780 1228 VENERABILI
794 1175 902 1228 Parni
918 1175 962 1228 ΕΤ
974 1172 1254 1230 CONSACERDOTI

100 1274 109 1311 a
242 1263 444 1320 VICTORINO
464 1264 695 1320 AUGUSTINUS
714 1263 756 1318 IN
774 1263 920 1318 DOMINO
943 1264 1119 1320 SALUTEM.

77 1401 87 1461 l
156 1392 312 1458 Tractom
342 1391 383 1455 ad
415 1411 466 1456 me
499 1391 608 1473 quinto
636 1391 713 1456 Idus
742 1391 932 1456 Nouembris
961 1393 1049 1456 arcuit
1077 1391 1141 1456 iarn
1164 1391 1253 1455 finito

123 1501 163 1565 die
192 1504 223 1563 et
252 1519 303 1563 me
336 1498 431 1563 ualde
461 1497 687 1581 indispositum
714 1497 845 1571 inuenit,
875 1500 910 1560 nt
939 1516 1100 1562 occurrere
1129 1498 1253 1562 omnino

124 1627 172 1671 noa
201 1625 338 1688 possem.
377 1623 490 1668 uenam
525 1608 629 1668 tamea
664 1603 733 1668 siue
765 1605 944 1685 inperitiam
979 1623 1080 1668 mearn
1118 1605 1255 1668 mouerit

124 1714 179 1778 siue
203 1713 287 1777 iuste
314 1716 422 1776 motus
451 1711 523 1786 sim,
554 1715 626 1774 tuae
651 1711 830 1774 sanctitatis
855 1714 887 1774 et
910 1711 1077 1792 grauitatis
1103 1715 1152 1774 est
1175 1710 1254 1774 arbi·

95 1821 194 1884 namt
228 1819 293 1901 legi
327 1819 358 1882 in
397 1817 506 1881 eadem
542 1816 691 1882 tractoria
727 1817 824 1880 etiarn
861 1816 900 1880 ad
933 1817 1146 1882 Mauretanias
1184 1835 1253 1882 esse

125 1927 270 2008 scriptam.
295 1943 374 2007 quas
397 1922 577 2006 prouincias
601 1922 720 1986 acimaas
745 1942 821 1987 suos
846 1921 960 1986 habere
983 1923 1144 2005 primates.
1169 1923 1253 2004 quod

126 2034 148 2097 si
174 2037 203 2097 ct
232 2052 268 2096 er
300 2033 346 2096 eis
380 2031 419 2096 ad
450 2030 636 2095 Numidiam
673 2029 912 2094 conrrocandam
951 2033 1036 2093 esset
1073 2029 1252 2104 concilium,

126 2140 248 2220 oportuit
282 2138 405 2220 utique,
437 2141 475 2202 ut
506 2137 685 2218 aliquorum
716 2136 901 2200 Maurorum
934 2135 1164 2219 episcoporum,
1199 2135 1253 2218 qui

125 2245 180 2310 illle
206 2246 326 2327 priores
359 2247 445 2320 suat,
479 2243 606 2308 nomina
637 2243 668 2306 ia
697 2242 848 2306 tractoria
875 2245 1079 2324 ponerentur;
1109 2242 1191 2324 quod
1219 2244 1251 2307 in

94 2352 177 2416 aista
196 2352 341 2416 tractoria
365 2369 425 2414 aon
447 2350 605 2433 reperiens
629 2350 765 2414 maltum
797 2344 929 2414 miratus
959 2369 1039 2415 sum.
1074 2350 1184 2413 deinde
1214 2349 1252 2413 ad

126 2458 198 2538 ipsos
218 2457 373 2522 Numidas
398 2459 443 2521 ita
465 2457 647 2540 perturbato
672 2460 705 2521 et
726 2458 872 2538 neglecto
899 2456 1004 2520 ordine
1029 2456 1192 2538 scriptum,
1217 2459 1254 2519 ut

126 2583 223 2629 nomen
253 2585 361 2629 meum
392 2565 486 2629 tertio
518 2564 589 2629 loco
622 2563 806 2640 iuuencum,
841 2564 895 2646 qui
927 2563 1012 2635 noui,
1050 2582 1142 2646 quarn
1180 2567 1255 2645 post

127 2675 229 2738 multos
252 2672 421 2754 episcopus
444 2673 547 2736 factus
572 2672 643 2735 sim.
677 2690 757 2754 quae
786 2691 835 2734 res
865 2673 896 2735 et
924 2671 995 2734 aliis
1024 2670 1176 2734 iniuriosa
1205 2673 1254 2734 est

127 2780 192 2843 satis
214 2779 344 2843 etmihi
367 2779 534 2843 inuidiosa.
556 2781 719 2860 praetcrea
742 2777 931 2841 uenerabilis
954 2777 1049 2840 frater
1073 2781 1103 2840 at
1132 2777 1255 2860 collega

94 2890 220 2951 naastan
242 2885 443 2968 Xanthippus
468 2884 662 2968 Tagorensis
686 2883 774 2962 dicit,
800 2883 883 2965 quod
910 2904 982 2948 eum
1007 2883 1161 2966 primatus
1185 2884 1252 2964 ipse

128 2993 282 3076 contingat,
306 3003 339 3056 et
361 3011 436 3076 erga
458 2993 613 3074 plurimos
638 2993 684 3056 sic
707 2991 843 3056 habetur
867 2995 899 3054 et
917 2992 996 3054 tales
1016 2990 1116 3054 mittit
1136 2989 1254 3072 epistu-

127 3097 176 3162 las.
205 3099 257 3180 qui
284 3099 379 3163 etiam
407 3118 492 3164 error
519 3099 546 3163 si
573 3098 665 3163 facile
689 3099 771 3162 inter
794 3101 933 3163 uestram
958 3097 1157 3162 sanctitatem
1182 3115 1253 3178 cog-

159 3324 170 3374 1
189 3324 301 3378 exaltata
319 3323 354 3376 Μ
423 3325 574 3394 asperneris
593 3323 657 3376 ΡΡι
676 3340 802 3392 spernere
822 3323 884 3378 MR

380 3483 406 3536 Τ
429 3507 464 3530 =
483 3482 535 3536 cod
565 3482 705 3536 Trecentis
726 3484 765 3534 40
783 3497 803 3534 s.
824 3480 915 3535 XIII.

376 3571 404 3626 R
430 3595 465 3618 =
484 3571 542 3624 cod.
568 3570 722 3624 Vaticanus
743 3572 803 3622 494
820 3585 842 3624 a.
861 3568 945 3622 XIII
964 3585 1005 3622 aa.

381 3659 408 3711 V
429 3684 463 3706 =
483 3659 541 3714 cod.
566 3658 722 3713 Vaticanus
743 3661 801 3710 495
820 3674 840 3710 a.
861 3659 890 3710 X
897 3657 926 3709 V.

380 3747 407 3802 U
430 3772 464 3793 =
484 3747 541 3800 cod.
566 3747 722 3800 Vaticanus
742 3747 801 3798 499
820 3762 840 3798 s.
861 3745 891 3798 X
897 3745 926 3797 V.

160 3904 273 3974 decuit]
291 3905 325 3959 ad
342 3923 384 3960 me
403 3908 481 3960 uenit
496 3905 543 3978 (ad
562 3923 605 3958 me
624 3909 695 3974 exp.)
719 3904 746 3959 U
816 3905 892 3957 finito
912 3903 1015 3958 iamU
1103 3902 1254 3968 8nouerit‚

132 3997 391 4048 corr.m.1moucrit
409 3995 438 4050 R
529 3995 563 4048 10
584 3994 746 4048 tractatoria
769 3991 825 4046 VU
912 3993 1086 4053 mauritanae,
1106 4007 1175 4044 corr.
1195 3995 1256 4044 aa.1

132 4082 288 4135 mmdtaaias
303 4082 331 4137 R
347 4083 525 4137 mauritanias
548 4082 603 4138 VU
620 4082 680 4136 edd.
738 4083 768 4135 ll
791 4083 864 4150 snos]
884 4081 964 4134 nobis
983 4097 1031 4134 uos
1051 4081 1128 4135 codd.
1180 4081 1211 4133 12
1227 4083 1256 4132 et

133 4185 174 4221 aar.
190 4169 242 4223 VU
305 4169 453 4224 numidiam
472 4171 694 4239 (uomiturus.)
713 4170 739 4222 V
794 4171 827 4221 14
846 4168 1007 4223 tractatoris
1025 4168 1052 4222 U
1103 4169 1135 4222 15
1153 4171 1253 4221 tracta·

133 4255 192 4308 toria
211 4257 237 4311 U
303 4260 333 4312 la
352 4259 487 4312 numidias
504 4259 532 4314 R
551 4259 674 4320 numdus,
695 4275 764 4312 corr.
784 4257 907 4311 numidas
932 4257 956 4308 V
1033 4257 1066 4310 18
1086 4262 1133 4324 epc
1152 4255 1180 4308 R
1199 4254 1254 4324 epi·

134 4360 215 4415 scopos
236 4345 382 4413 VUftsm
454 4363 511 4401 surn
535 4347 636 4400 I'cdd.
650 4352 800 4416 praeterae
854 4346 888 4399 20
907 4345 1064 4414 sanctippus
1084 4343 1161 4397 codd.
1180 4343 1252 4396 Xau-

134 4433 213 4502 appas
230 4433 288 4487 cdd.
354 4437 509 4506 tagosensis
526 4435 648 4490 RVUm
666 4434 843 4503 Tagastensis
862 4438 920 4488 cett.
940 4433 1001 4487 cdd.
