3092 5217
483 485 749 555 epistularum
779 485 848 541 CIII.
1177 494 1240 557 581

102 680 253 763 peccauit3
288 680 390 744 aliena
418 681 587 763 quisquam
616 681 757 765 diripuit,
790 684 873 749 inter
900 684 1018 751 delicta
1045 691 1242 763 numeratum

100 789 164 851 loca
190 786 320 869 profana
349 807 479 852 sacraue
507 788 654 865 uiolauit,
683 808 743 854 non
773 794 824 855 est
852 791 889 855 ab
919 791 1116 877 indulgentia
1144 814 1245 859 secer-

101 893 226 959 nendus.
262 898 424 977 postremo
463 894 571 959 nullus
607 898 692 960 esset
727 896 839 961 ueniae
877 896 977 976 locun,
1015 900 1076 965 nisi
1113 906 1244 983 peccata

99 999 324 1083 praecederent.

49 1104 87 1165 is
138 1106 229 1170 Nunc
259 1106 419 1187 quoniam,
451 1125 512 1171 non
547 1110 699 1189 quantum
733 1108 838 1185 debui,
872 1108 928 1175 sed
957 1114 1109 1192 quantum
1142 1113 1243 1195 potui,

100 1213 207 1290 rnaius,
240 1216 278 1277 ut
305 1213 430 1289 dicitur,
463 1214 610 1278 minusue
643 1214 800 1297 respondi,
834 1235 887 1280 oro
917 1219 1012 1299 atque
1041 1217 1171 1283 obsecro
1199 1256 1243 1265 -

100 1320 213 1384 utinam
247 1325 445 1403 praesentem
478 1340 617 1405 possem,
650 1324 687 1385 ut
714 1321 811 1385 etiam
843 1322 989 1389 lacrimas
1022 1343 1108 1388 meas
1140 1325 1243 1408 perui·

100 1427 182 1491 deres
201 1465 257 1506 —,
280 1430 327 1505 ut,
352 1427 407 1510 qui
430 1426 486 1505 sis,
510 1427 586 1509 quid
609 1427 796 1511 profitearis,
821 1429 897 1511 quid
917 1447 1003 1513 agno,
1028 1430 1124 1496 etiam
1149 1434 1243 1514 etque

101 1533 188 1597 etiam
217 1534 351 1617 cogites,
386 1533 542 1611 intendas,
572 1553 652 1616 quoe
681 1535 724 1599 sit
750 1534 839 1599 illius
869 1536 992 1619 species
1021 1536 1173 1615 ciuitatis,
1208 1557 1243 1602 er

66 1662 84 1697 n
100 1660 156 1722 qua
186 1640 226 1705 ad
262 1640 456 1723 supplicium
488 1640 623 1704 ducendi
656 1642 871 1721 extrahuntur,
905 1661 985 1725 quae
1020 1642 1062 1707 sit
1094 1645 1242 1720 matrum,

99 1766 171 1829 qnae
204 1747 389 1831 coniugum,
415 1766 495 1831 quae
526 1748 710 1827 liberorum,
735 1767 816 1830 quae
847 1752 1014 1831 parentum
1047 1750 1242 1829 lamentatio,

100 1874 155 1936 quo
178 1854 300 1936 pudore
323 1854 363 1918 ad
385 1854 521 1938 patriam
545 1855 653 1918 uenire
677 1855 803 1936 possint
825 1855 952 1919 liberati
977 1855 1033 1921 sed
1056 1855 1142 1933 torti,
1164 1875 1243 1937 quos

98 1964 222 2026 renouet
237 1961 363 2027 dolores
374 1964 430 2025 aut
440 1960 578 2045 gemitus
590 1959 800 2027 consideratio
817 1961 985 2025 uulnemm
1000 1965 1032 2026 et
1048 1962 1241 2027 cicatricum.

99 2068 188 2132 ethis
203 2068 352 2133 omnibus
366 2067 567 2151 pertractatis
583 2067 677 2132 deum
692 2067 794 2151 primo
815 2068 993 2133 consideres
1013 2068 1241 2151 hominumque

65 2195 83 2231 o
99 2174 211 2259 cogites
242 2176 370 2250 sarnam,
393 2175 570 2240 bonitatem
597 2174 732 2238 amicam
759 2174 867 2259 potius
895 2174 1146 2257 familiaremque
1170 2194 1242 2239 oon-

97 2281 285 2347 iunctionem
310 2284 342 2346 et
364 2281 553 2365 ignoscendo
573 2281 681 2364 potius
699 2281 827 2345 laudem
848 2300 942 2363 quam
961 2280 1149 2347 uindicando
1170 2300 1242 2345 con-

98 2387 206 2469 quiras.
232 2392 329 2471 atque
352 2390 429 2453 haec
454 2389 491 2453 de
514 2389 564 2454 his
589 2388 674 2453 dicta
702 2388 776 2467 sint,
801 2407 880 2470 quos
908 2408 1004 2453 uerus
1033 2387 1241 2453 confessionis

97 2514 166 2559 suae
183 2499 293 2561 reatus
313 2496 471 2581 astringit,
488 2496 603 2579 quibus
618 2494 747 2578 quidem
766 2496 848 2579 legis
863 2494 1139 2578 contomplatione,
1157 2494 1241 2576 quod

97 2603 217 2667 laudare
247 2623 308 2669 non
334 2603 453 2681 desino,
481 2602 607 2667 ueniam
636 2602 788 2666 tribuisti.
817 2601 879 2665 ianr
908 2600 989 2666 illud
1013 2601 1160 2684 explicari
1187 2600 1240 2664 uir

64 2713 206 2792 opotest,
241 2714 376 2792 quantae
408 2708 606 2774 crudelitatis
639 2708 683 2773 sit
713 2708 896 2773 innocentes
929 2710 1076 2791 appetere
1109 2710 1142 2771 et
1174 2725 1239 2785 eos,

95 2835 167 2897 quos
199 2835 218 2879 a
252 2815 382 2881 crimine
415 2818 540 2880 constat
573 2833 643 2880 esse
671 2814 837 2895 discretos,
873 2816 904 2879 in
937 2813 1092 2879 iudicium
1125 2812 1239 2894 capitis

95 2922 251 2987 deuocare.
281 2942 361 3004 quos
390 2922 418 2985 si
445 2921 572 3005 purgari
596 2922 776 3004 contigerit,
805 2922 937 3005 cogites,
966 2938 1094 3003 quaeso,
1124 2921 1241 3001 quanta

95 3032 309 3095 accusatorum
333 3029 552 3093 liberabuntur·
573 3027 704 3104 inuidia,
735 3048 808 3093 cunr
831 3047 901 3092 roos
926 3030 1037 3109 sponte
1062 3024 1240 3090 dimiserint

94 3137 175 3216 uicti,
207 3136 394 3218 reliquerint
424 3135 618 3199 innocentes.
658 3132 736 3198 deus
769 3154 915 3199 summus
949 3137 981 3199 te
1015 3133 1175 3199 custodiat
1207 3138 1239 3195 et

59 3244 166 3327 slegis
195 3262 274 3309 suae
299 3244 465 3308 conseruet
491 3240 685 3324 praesidium
713 3242 809 3322 atque
834 3242 1054 3304 ornamentum
1081 3242 1238 3304 nostrum.

175 3436 266 3489 9-13
285 3458 320 3480 =
339 3452 365 3505 p.
386 3433 447 3499 582,
467 3432 573 3487 17-22

126 3558 138 3611 l
158 3558 313 3627 quisquam]
331 3574 359 3626 p.
381 3556 632 3627 592‚18quisque
691 3556 706 3609 7
721 3570 776 3623 pro
795 3557 826 3607 ut
844 3570 899 3608 rau.
921 3556 996 3606 2-3
1015 3554 1032 3606 l.
1057 3552 1084 3606 V
1137 3552 1170 3606 13
1189 3567 1233 3604 re-

93 3650 172 3701 nouat
194 3646 223 3701 U
236 3662 287 3700 em
304 3648 417 3699 reuocat
438 3646 462 3699 V
481 3646 527 3709 lr;
545 3644 645 3713 acripai
661 3647 787 3707 renouet;
806 3644 841 3709 cf.
857 3660 887 3713 p.
911 3644 976 3705 582,
997 3645 1032 3695 21
1118 3641 1152 3693 15
1172 3656 1237 3694 con·

94 3734 263 3805 iunctionenr]
284 3734 432 3803 coniungas
444 3735 477 3788 in
489 3751 545 3787 raa.
566 3734 593 3787 U
636 3734 669 3787 16
688 3731 862 3801 uindicando]
878 3730 1028 3785 uindictam
1047 3730 1073 3784 V
1118 3728 1149 3782 17
1170 3744 1236 3781 suae

95 3826 265 3879 confessionis
288 3823 316 3877 U
359 3825 392 3877 19
409 3823 546 3877 tribuistis
569 3822 629 3877 Um
682 3822 868 3891 acquantum
888 3819 948 3875 edd.
1003 3820 1038 3873 22
1058 3818 1186 3872 deuorare
1210 3816 1237 3869 V

95 3912 125 3965 25
142 3915 218 3984 snae]
239 3929 304 3968 suae
322 3916 351 3967 te
375 3911 434 3966 Um
