3092 5217
430 494 695 564 epistularum
722 493 792 547 LVI.
819 494 901 547 LVII.
1174 501 1238 564 215

111 711 169 756 rosa
197 690 339 754 libertate
372 693 467 772 atque
498 691 591 773 plane
623 689 708 754 uirili
734 694 863 772 pectore
891 694 959 755 tuo.
992 691 1184 756 incolumem
1207 695 1238 756 te

113 796 213 861 domiui
244 795 293 860 dei
321 797 423 860 nostri
455 795 671 860 misericordia
698 800 836 874 tueatur,
866 797 990 861 domine
1014 797 1125 862 eximie
1149 799 1240 862 meri-

111 908 190 984 toque
211 901 404 966 honorabilis
429 905 462 966 et
484 903 692 967 dilectissime
716 902 771 968 fili.

617 1078 714 1142 LVII.
787 1127 789 1130 -

89 1216 237 1270 annulus
265 1215 519 1270 DILECTISSIMO
548 1216 760 1283 uastauere
793 1217 1023 1272 HONORABILI
1050 1216 1095 1270 AC
1125 1216 1239 1270 SUSCI-

138 1305 263 1359 Plsuuu
282 1304 383 1359 FILIO
403 1304 536 1360 CELERI
555 1304 784 1360 AUGUSTINL'S
804 1305 844 1360 IN
863 1305 1008 1360 Domln'o
1030 1305 1201 1358 SALUTEM.

69 1435 78 1493 l
145 1432 265 1496 Nullam
297 1431 398 1495 tuisse
427 1432 544 1496 iustam
575 1450 714 1508 causam,
743 1451 800 1495 cur
828 1431 865 1496 ab
891 1433 1238 1514 01·beter1·arum‚quo

114 1538 226 1602 ccclesia
249 1538 407 1602 catholica
430 1539 604 1602 secundum
628 1539 813 1620 prophetica
833 1542 864 1602 ct
884 1537 1067 1620 erlangelica
1085 1538 1240 1618 promissa

115 1645 288 1722 diffunditur,
331 1663 365 1708 se
401 1663 473 1726 pars
512 1645 627 1708 Donati
666 1645 837 1716 dirimeret,
875 1645 978 1718 credo,
1017 1644 1101 1726 quod
1136 1645 1239 1726 magis

84 1770 217 1832 saeuoque
240 1751 442 1815 considerans
466 1750 633 1832 prudentia
656 1754 711 1815 tua
734 1751 886 1814 facillime
908 1751 1079 1834 intellegit.
1113 1751 1150 1815 de
1179 1769 1240 1831 qua

114 1877 139 1919 re
169 1858 193 1920 si
227 1857 409 1941 diligentior
445 1857 619 1938 disputatio
653 1858 830 1922 neccssaria
863 1863 922 1931 est,
955 1857 1085 1922 memini
1118 1877 1166 1920 me
1200 1855 1239 1919 ad

114 1962 260 2046 legendum
294 1963 420 2027 dedisse
456 1963 688 2028 beniuolentiae
724 1967 799 2028 tuae
836 1964 988 2040 codicem,
1029 1982 1100 2027 cum
1138 1961 1171 2025 id
1206 1965 1238 2024 te

115 2069 212 2150 petisse
235 2070 420 2134 carissimus
441 2074 518 2134 tuus
536 2071 615 2134 milri
635 2070 730 2144 filius
750 2090 840 2135 meus
863 2071 1029 2145 Caecilius,
1049 2069 1238 2132 intimasset.

115 2175 157 2256 qui
177 2175 268 2240 codex
291 2196 352 2241 non
375 2177 486 2258 paucis
511 2177 623 2241 diebus
648 2178 732 2260 apud
755 2182 786 2242 te
811 2178 880 2242 fuit.
907 2197 999 2260 quem
1025 2175 1052 2239 si
1075 2176 1120 2238 rei
1143 2175 1238 2237 huius

84 2281 329 2364 recognoscendae
358 2283 465 2348 studio
493 2285 546 2348 uel
574 2285 655 2348 inter
684 2284 907 2367 occupationes
936 2287 1008 2347 tuas
1035 2283 1140 2364 legere
1170 2281 1238 2345 siue

116 2388 226 2452 uoluisti
262 2389 333 2452 siue
369 2390 514 2470 potuisti,
553 2410 613 2455 non
651 2391 762 2456 dubito
806 2390 996 2472 comperisse
1037 2388 1237 2470 prudentiam

115 2499 187 2556 tuam
207 2495 284 2558 nihil
312 2515 367 2561 eos
395 2497 518 2574 habere,
549 2497 632 2579 quod
659 2498 866 2580 probabiliter
895 2495 1118 2560 contradicant.
1152 2496 1184 2558 et
1211 2493 1238 2558 si

115 2601 178 2680 quid
205 2604 234 2666 te
265 2603 348 2667 forte
381 2603 484 2667 adhue
516 2607 636 2681 mosset,
670 2607 822 2686 quantum
856 2603 934 2666 deus
963 2602 1058 2665 donat
1086 2619 1122 2664 ao
1150 2599 1236 2676 sinit,

115 2704 180 2770 torte
211 2709 386 2790 poterimus
422 2710 610 2792 respondere
646 2709 853 2792 interroganti
892 2711 947 2772 aut
988 2708 1026 2771 ad
1066 2706 1235 2788 legendum

82 2839 101 2874 a·
115 2812 206 2876 itidem
228 2815 349 2896 aliquid
372 2816 454 2894 dare,
479 2817 604 2881 domine
624 2817 831 2880 dilectissime
851 2816 1027 2896 meritoque
1047 2811 1237 2876 honorabilis

115 2936 143 2980 ao
163 2921 354 3004 suscipiende
377 2922 433 2986 fili.
463 2923 466 2927 ’

68 3025 81 3084 l
151 3023 336 3110 Quapropter
366 3034 439 3112 peto
472 3030 626 3094 unitatem
660 3029 850 3093 catholicam
882 3025 1001 3110 regioni
1030 3021 1238 3106 Hipponiensi

115 3132 279 3218 diligentius
312 3135 513 3200 commendes
546 3135 729 3198 hominibus
762 3135 839 3210 tuis
874 3133 1006 3196 unanime
1034 3131 1167 3194 Paterno
1207 3131 1239 3191 ct

143 3325 328 3378 suspensibilis
351 3325 406 3380 Vu

311 3449 337 3502 T
361 3474 395 3496 =
415 3451 472 3506 cod.
497 3450 637 3504 Treccusis
659 3453 698 3502 lo
715 3465 735 3502 s.
756 3449 848 3502 XIII.

308 3539 336 3593 R
360 3563 394 3584 =
413 3539 471 3593 cod.
495 3539 652 3592 Vaticanus
673 3541 731 3590 494
749 3555 771 3590 s.
791 3536 879 3590 XIII
893 3553 934 3590 aa.

317 3626 340 3677 V
362 3651 396 3671 =
415 3626 473 3681 cod.
497 3627 652 3680 Vaticanus
674 3630 731 3679 495
749 3644 770 3679 s.
791 3625 856 3678 XV.

314 3715 340 3769 U
363 3741 395 3762 =
414 3716 473 3771 cod.
497 3715 654 3768 Vaticanus
674 3717 734 3767 499
751 3731 772 3767 s.
792 3715 858 3768 XV.

309 3909 339 3962 Η
363 3934 396 3954 --
414 3910 513 3978 fream.
533 3908 591 3964 cod.
611 3909 686 3964 Mass.
705 3907 778 3959 But.
799 3905 883 3959 Harl.
905 3908 980 3958 3107
997 3921 1018 3958 s.
1038 3902 1135 3956 XIlI:

411 4015 441 4066 p.
462 3997 782 4065 216‚16(incalumen)
804 4025 836 4033 -
857 3999 892 4048 18

146 4121 339 4193 asnapiciendo
356 4122 385 4176 R
425 4121 595 4176 Seatholica
615 4118 830 4174 ecclesiaRVU
870 4119 899 4170 ll
920 4117 1083 4183 necessaris]
1102 4117 1167 4167 nota
1186 4113 1242 4166 VU

119 4210 145 4261 13
160 4213 218 4265 mihi
235 4215 334 4266 tuusm
350 4210 418 4264 mihi
441 4211 540 4266 Tcett.
561 4209 621 4264 edd.
687 4211 719 4262 15
738 4208 843 4276 legeres
867 4205 917 4260 ΤΕ
984 4206 1015 4258 18
1037 4203 1120 4257 donat
1139 4219 1171 4256 ca
1190 4201 1237 4256 do-

119 4313 159 4350 uae
174 4305 228 4355 nul
243 4299 271 4354 R
369 4300 401 4354 21
422 4297 592 4369 suspiciende
610 4297 670 4352 RV
769 4297 804 4348 22
823 4295 936 4364 regioni,
956 4309 1023 4347 corr.
1043 4291 1162 4360 regionis
1186 4289 1242 4348 VU

148 4387 288 4456 ipponensis
311 4387 366 4443 VU
382 4387 551 4458 Hipponensi
569 4386 630 4440 add.
686 4385 720 4438 23
740 4373 885 4438 comi'ndes
910 4383 934 4434 T
