3092 5217
474 478 739 548 epistularum
768 478 927 532 LXXXVII.
1194 484 1258 546 399

125 677 172 759 qui
200 673 278 756 apud
309 673 497 757 prophetam
525 674 723 738 Ezechielem
757 678 888 740 etanta
917 674 1129 741 uastationem
1157 676 1258 758 perdi-

123 790 216 849 tomm
251 781 368 865 signari
400 785 584 845 meruerunt
617 785 658 860 et,
694 800 767 846 oum
799 782 848 846 illi
880 785 1090 861 uastarcutur,
1124 782 1257 847 euadere

122 888 231 965 inlaesi,
253 888 324 965 nisi,
349 890 387 952 ut
408 888 454 953 ibi
477 888 737 953 manifestissime
761 888 949 968 ostenditur,
975 890 1029 972 qui
1056 892 1197 955 maerent
1226 892 1258 953 et

123 997 239 1080 gemunt
260 998 393 1077 peccata
416 999 449 1061 ct
471 995 656 1079 iniquitates
680 996 791 1080 populi
814 994 875 1073 dei,
900 1014 980 1078 quae
1004 995 1085 1059 fiunt
1102 995 1132 1059 in
1152 996 1257 1061 medio

97 1107 237 1168 seomm?
261 1103 333 1186 quis
357 1106 475 1182 autem,
500 1103 585 1185 quod
609 1104 742 1187 ignorat,
763 1102 864 1187 gemit
883 1105 915 1167 et
932 1104 1071 1167 maeret?
1091 1121 1127 1167 er
1147 1102 1256 1167 coelem

121 1210 228 1275 ratione
265 1210 361 1275 etiam
394 1212 516 1276 Paulus
555 1211 720 1293 apostolus
753 1210 853 1275 falsos
884 1209 996 1275 fratres
1030 1209 1157 1283 tolerat;
1195 1227 1256 1273 non

122 1316 193 1381 euim
215 1316 251 1381 de
275 1317 449 1400 incognitis
468 1318 529 1382 ait:
554 1316 698 1381 Omnes
723 1316 824 1380 enim
850 1334 922 1380 sua
945 1318 1156 1398 quaerunt,
1180 1334 1254 1379 non

121 1441 207 1504 quac
238 1425 332 1488 Iesu
367 1424 534 1502 Christi,
568 1443 649 1507 quos
676 1427 782 1489 tamen
807 1442 915 1489 secum
939 1422 1039 1489 fuisse
1062 1423 1254 1488 manifestat.

120 1549 151 1593 er
174 1549 230 1611 quo
259 1534 365 1595 autern
396 1552 509 1616 genere
533 1535 618 1609 sunt,
643 1531 697 1614 qui
720 1532 772 1596 uel
796 1530 955 1596 turificare
977 1530 1072 1595 idolis
1096 1530 1150 1595 uel
1173 1529 1255 1595 codi-

86 1662 106 1699 ιο
120 1655 166 1701 ces
186 1636 308 1703 diuinos
332 1638 456 1705 tradere
480 1659 574 1723 quam
598 1639 678 1703 mori
701 1640 892 1719 maluerunt,
916 1637 978 1702 nisi
1003 1656 1038 1701 ax
1062 1656 1181 1715 eorum,
1201 1638 1255 1718 qui

120 1763 183 1808 sua
203 1751 414 1827 quaerunt,
438 1765 512 1811 non
537 1765 635 1829 quae
659 1747 752 1812 lesu
778 1744 959 1811 Christi?

70 1848 84 1907 3
156 1850 253 1915 Multa
288 1851 473 1917 testimonia
509 1854 736 1937 scripturamm
774 1856 946 1935 praetereo,
988 1870 1026 1917 ne
1067 1850 1253 1935 longiorem,

119 1977 201 2039 quam
222 1978 353 2024 neccsse
378 1961 436 2039 est,
462 1960 631 2043 epistulam
655 1960 780 2039 facium,
805 1963 837 2024 et
864 1957 1035 2024 eruditioni
1061 1960 1136 2023 tuae
1163 1957 1254 2041 plura

117 2083 165 2145 per
191 2068 222 2129 te
253 2067 362 2149 ipsum
396 2068 623 2133 consideranda
648 2068 809 2152 permitto.
844 2066 928 2149 quod
956 2068 1060 2129 tamen
1090 2064 1167 2129 satis
1193 2067 1252 2132 eat.

84 2193 103 2229 1⁵
118 2170 190 2249 uide,
222 2173 364 2239 obsecro.
403 2176 432 2239 si
463 2178 528 2239 tarn
561 2175 656 2240 multi
688 2174 789 2257 iniqui
816 2172 848 2238 in
876 2191 938 2238 uno
966 2170 1084 2255 populo
1114 2169 1164 2234 dei
1188 2188 1252 2247 eos,

118 2279 176 2359 qui
205 2299 271 2345 eos
306 2282 659 2361 contestabantur,
687 2301 747 2347 non
772 2280 916 2346 fecerunt
938 2279 1030 2356 tales,
1055 2279 1165 2361 quales
1190 2276 1251 2360 ipsi

116 2390 202 2462 erant,
224 2388 252 2451 si
273 2388 449 2453 multitudo
482 2389 538 2453 illa
569 2390 721 2453 falsorum
753 2389 887 2453 fratrum
915 2386 1095 2469 apostolum
1115 2385 1251 2449 Paulum

116 2492 143 2555 in
162 2512 221 2558 uun
243 2514 317 2559 cum
337 2496 383 2560 eis
403 2497 539 2561 ecclesia
556 2498 766 2562 constitutum
786 2514 847 2561 non
866 2494 944 2559 fecit
962 2513 1020 2559 sua
1038 2494 1250 2574 quaerentem.

116 2616 168 2663 uon
199 2620 277 2683 quae
303 2604 377 2667 Iesu
407 2602 535 2682 Christi,
563 2604 769 2670 manifestum
798 2606 848 2667 est
874 2621 935 2667 uon
959 2601 1020 2665 hoc
1044 2598 1127 2665 effici
1150 2598 1251 2663 homi-

82 2725 187 2786 unenn,
217 2710 302 2791 quod
336 2714 386 2775 est
416 2712 521 2777 malus
549 2712 728 2794 quisquam,
757 2729 830 2775 cum
859 2728 921 2792 quo
946 2707 984 2772 ad
1009 2708 1107 2771 altare
1132 2704 1249 2771 Christi

116 2816 273 2896 acceditur,
298 2818 394 2882 etiam
419 2822 532 2883 sinon
557 2819 601 2883 sit
622 2817 817 2902 incognitus,
842 2816 870 2880 si
897 2818 1021 2881 tantum
1050 2832 1111 2879 non
1140 2812 1249 2895 adpro-

114 2922 196 2988 betur
217 2929 248 2990 et
271 2945 290 2989 a
312 2925 395 2991 bona
418 2926 610 2991 conscientie
631 2924 827 3008 displicendo
847 2926 1019 3006 separetur.
1043 2920 1247 2986 manifestum

114 3034 155 3094 cst
173 3032 271 3117 igitur
293 3052 355 3098 uon
379 3052 449 3097 esse
473 3032 561 3097 aliud
584 3050 656 3097 oum
680 3032 749 3097 fune
773 3048 958 3096 concurrere
981 3028 1043 3093 nisi
1070 3028 1123 3091 uel
1150 3026 1248 3091 furari

113 3154 175 3202 cum
210 3158 244 3205 eo
278 3140 332 3205 uel
364 3140 483 3205 furtum
516 3140 585 3204 eiua
618 3138 722 3205 cordis
754 3138 873 3221 placito
907 3136 1057 3220 accipere.
1097 3134 1157 3199 hoc
1189 3151 1246 3197 nos

189 3418 318 3473 lEzeeh.
338 3421 363 3482 9,
381 3420 454 3473 4-6
521 3418 722 3480 orbitarn
790 3414 1064 3479 1511Esdr.9,26
1131 3413 1162 3466 17
1184 3410 1243 3465 Gal.

112 3507 132 3562 2.
148 3506 297 3569 hncor.
320 3508 361 3571 11,
381 3509 416 3562 26
470 3508 685 3571 naretulo
958 3522 963 3537 ·

123 3667 154 3746 '3
170 3672 199 3721 ut
215 3669 265 3739 ihi]
286 3668 334 3723 ubi
351 3668 496 3723 MFAPa
516 3667 646 3738 quodibi
664 3668 692 3724 R
763 3672 780 3723 5
800 3668 915 3739 gemitet
934 3669 961 3721 et
979 3666 1044 3721 ΜΓ
1060 3665 1152 3733 gemet
1171 3666 1199 3714 et
1218 3664 1243 3712 A

110 3757 185 3810 bnon
203 3756 471 3813 enirn-manifestat
488 3775 540 3812 om.
559 3759 586 3811 A
678 3760 709 3813 ll
730 3773 800 3827 quae
819 3772 869 3813 nnn.
880 3773 906 3811 m
987 3755 1021 3807 14
1038 3768 1086 3822 per
1104 3767 1166 3816 omo
1184 3754 1244 3802 ’Μ

111 3845 165 3898 add·
182 3846 211 3899 F
279 3865 318 3911 es,
336 3852 400 3903 m.2
419 3864 477 3903 esec
495 3848 523 3901 P
576 3850 610 3903 15
629 3846 842 3903 uideoMFAP
912 3861 958 3899 eos
977 3844 1023 3913 qui
1042 3858 1088 3895 eoa
1107 3841 1243 3893 contestu-

108 3931 194 3989 bantur
214 3938 314 4006 scratnai
336 3939 369 3991 cl.
393 3938 432 3991 ΙΙ
451 3938 536 3993 Eedr.
562 3942 587 4001 9,
612 3942 666 4005 26,·
688 3954 735 3991 cos
758 3935 983 3991 contestabantur
1006 3931 1084 3985 codd.
1111 3945 1242 3998 eosquos

109 4025 318 4080 contestabantur
336 4043 380 4081 ae
399 4044 444 4081 eos
467 4028 515 4097 qui
538 4044 567 4081 se
590 4026 813 4081 contestabantur
829 4026 888 4093 flr
911 4040 957 4077 eos
976 4022 1022 4092 qui
1041 4035 1131 4074 secum
1150 4034 1242 4071 nerea·

108 4109 192 4167 buntur
208 4132 235 4168 m
278 4116 309 4169 17
329 4117 418 4187 erant]
437 4116 548 4170 fuerumt
564 4116 602 4169 M
641 4115 674 4170 18
693 4131 742 4169 sua
761 4116 918 4183 querentem
938 4111 1003 4166 fecit
1021 4108 1106 4179 etquis
1125 4122 1192 4161 corr.
1208 4104 1245 4159 Μ

110 4202 136 4255 19
154 4220 203 4258 uon
226 4206 307 4275 qnae]
331 4204 380 4259 sed
403 4222 472 4275 qnae
496 4204 559 4259 MR
666 4204 812 4266 hominem,
836 4205 901 4257 m.2
925 4201 1061 4255 homiuem
1084 4196 1184 4251 malum
1208 4194 1245 4249 Μ

108 4290 616 4361 leonaciem.ntia(rce.1-21.)P
667 4294 702 4348 23
722 4310 776 4347 non
796 4308 854 4347 csse
874 4291 959 4360 igitur
977 4289 1004 4341 A
1061 4286 1131 4357 furo]
1152 4286 1241 4341 surore

108 4397 139 4447 nro
155 4384 220 4451 emp.)
238 4383 277 4436 M
327 4384 362 4437 24
381 4383 565 4448 furlumltum
584 4385 612 4436 A
