3092 5217
487 488 752 558 epistularum
782 488 881 542 XClll.
1195 496 1259 558 449

111 682 273 767 frangitur,
308 687 345 747 ut
376 682 551 747 iniustitiae
583 682 734 747 seductus
763 683 957 765 adquiescat.
992 688 1024 749 et
1052 686 1106 767 qui
1129 686 1259 768 phrene-

111 790 206 855 ticum
240 791 324 873 ligat
355 794 387 853 et
418 790 472 871 qui
504 789 714 872 lethargicum
747 790 873 865 excitat,
912 791 1066 855 ambobus
1104 792 1259 857 molestus

112 899 217 963 ambos
242 903 338 965 amat.
374 897 446 980 quis
474 916 531 961 nos
559 899 669 979 potest
691 898 831 980 amplius
856 916 960 961 amare
984 916 1078 981 quam
1103 898 1204 963 deus?
1228 905 1260 965 et

111 1010 210 1069 tamen
235 1022 378 1069 noanon
402 1006 508 1067 solum
532 1003 644 1068 docere
669 1004 812 1068 suauiter
836 1022 945 1068 uerum
970 1004 1066 1069 etiam
1092 1005 1261 1070 salubriter

85 1116 223 1175 sternere
247 1129 310 1175 uon
335 1115 449 1175 cesset.
474 1110 623 1175 fomentis
647 1110 783 1183 lenibus,
808 1110 923 1191 quibus
948 1112 1139 1185 consolatur,
1165 1130 1259 1195 saepe

111 1219 202 1283 etiarn
235 1217 515 1282 mordacissimum
547 1216 814 1282 medicamentum
843 1217 1057 1282 tribulationis
1084 1219 1259 1303 adiungens

111 1329 230 1389 exercet
262 1324 345 1389 farne
376 1324 570 1407 patriarchas
603 1325 700 1388 etiam
732 1324 803 1405 pios
838 1326 871 1387 et
898 1323 1075 1407 religiosor,
1103 1325 1258 1407 populum

110 1436 326 1496 contumacem
350 1432 460 1514 poenis
483 1414 684 1515 grinioribns
708 1430 819 1513 agitat,
844 1448 904 1494 non
930 1429 1033 1494 aufert
1056 1430 1094 1493 ab
1114 1432 1258 1513 apostolo

110 1537 274 1603 stimulum
312 1538 414 1602 carnis
451 1536 546 1602 tertio
583 1539 725 1620 rogatus,
758 1537 796 1599 ut
828 1535 981 1601 uirtutem
1013 1535 1045 1600 in
1075 1536 1258 1601 infirmitate

77 1662 96 1696 11
110 1642 257 1726 perficiat.
293 1644 464 1727 diligemus
496 1644 592 1707 etiam
622 1643 769 1708 inimicos
793 1645 930 1721 nostros,
954 1643 1111 1725 quiahoc
1135 1642 1255 1707 iustum

111 1756 210 1814 estet
233 1752 295 1815 hoc
318 1751 481 1833 praecepit
504 1749 594 1828 deus,
619 1749 812 1814 cisimus
836 1748 921 1812 filii
950 1748 1082 1830 patris
1111 1748 1256 1824 nostri,

110 1859 172 1937 qui
195 1859 237 1921 in
263 1858 393 1923 caelis
417 1862 490 1933 est,
515 1856 581 1939 qui
607 1857 733 1920 solem
758 1874 872 1919 suum
892 1853 996 1919 iacit
1015 1854 1114 1920 oriri
1135 1873 1258 1936 super

109 1964 233 2029 bonos
266 1967 306 2029 et
332 1965 462 2029 malos
490 1966 529 2029 et
559 1964 670 2045 pluit
693 1980 815 2044 super
837 1960 972 2026 iustos
996 1964 1035 2025 et
1058 1960 1257 2025 iniustos.

110 2072 160 2135 sed
182 2072 271 2136 sicut
293 2072 358 2135 ista
380 2072 463 2137 dona
486 2071 554 2135 eius
578 2070 757 2145 laudamus,
782 2069 828 2132 ita
851 2067 947 2132 etiarn
971 2067 1098 2150 flogella
1128 2068 1197 2131 eius
1225 2066 1256 2130 in

75 2193 94 2227 ¹³
110 2196 169 2253 eos,
192 2197 275 2260 quos
300 2177 416 2261 diligit,
441 2177 631 2261 cogitemus.

59 2272 73 2326 Γ)
147 2285 246 2349 Putas
270 2284 428 2349 nemiuem
452 2284 564 2347 debere
589 2283 660 2365 cogi
684 2282 724 2346 ad
746 2279 914 2357 iustitiam,
935 2298 1005 2345 cum
1028 2281 1115 2364 legas
1133 2282 1255 2361 patrem

109 2392 240 2457 familias
282 2392 400 2455 dixisse
441 2390 557 2455 seruis:
599 2389 836 2469 ‘Quoscumque
878 2386 1073 2465 inueneritis,
1117 2386 1255 2469 cogite

109 2499 279 2577 iutrare',
331 2517 402 2562 cnm
440 2498 530 2581 legas
567 2495 663 2561 etiam
700 2496 807 2578 ipsum
839 2493 941 2575 primo
975 2493 1108 2559 Saulem
1144 2496 1257 2574 postea

108 2606 238 2670 Paulum
264 2606 305 2669 ad
328 2603 578 2689 cognoscendam
604 2602 828 2668 atterendam
853 2601 1021 2666 ueritatem
1045 2616 1160 2683 magna
1187 2598 1256 2662 uio-

74 2712 200 2775 olentia
234 2712 355 2777 Christi
388 2710 533 2795 cogentis
566 2728 636 2773 esse
669 2710 882 2792 compulsum,
911 2707 973 2772 nisi
999 2707 1081 2770 forte
1106 2704 1255 2769 cariorem

109 2824 196 2899 putas
219 2819 404 2883 hominibus
427 2837 497 2883 esse
520 2817 689 2900 pecuniam
707 2816 760 2880 uel
781 2818 906 2899 qualem
925 2814 1004 2879 libet
1021 2812 1257 2895 possessionem

110 2944 195 3005 quam
228 2925 335 2990 lucem
366 2926 472 2992 istam.
505 2942 585 3007 quae
618 2923 720 2989 oeulis
749 2922 908 3005 carpitur?
937 2920 1017 2984 hanc
1046 2919 1100 2983 ille
1125 2918 1255 2983 caelesti

110 3050 181 3095 uoce
207 3034 388 3115 prostratus
421 3031 526 3095 subito
564 3031 715 3094 amissam
750 3048 811 3093 non
844 3025 1053 3110 recuperauit,
1087 3024 1149 3088 nisi
1182 3042 1255 3087 cum

110 3142 230 3201 sanctae
262 3139 516 3220 incorporaretur
547 3136 711 3201 ecclesiae.
745 3140 779 3201 et
806 3138 899 3219 putas
928 3133 1049 3197 nullam
1079 3130 1256 3194 1111111111ιί-

76 3242 238 3307 abendam
271 3262 342 3307 esse
375 3242 504 3321 homiui,
538 3247 575 3305 ut
606 3244 644 3305 ab
679 3242 791 3307 erroris
821 3241 957 3325 pernicie
990 3238 1152 3313 liberetur,
1182 3255 1255 3301 cum

112 3349 210 3431 ipsum
257 3349 362 3425 deum,
406 3368 469 3430 quo
514 3368 606 3413 nemo
648 3367 705 3413 nos
745 3348 858 3411 utilius
902 3345 1021 3428 diligit,
1064 3343 1255 3408 certissimis

113 3456 255 3538 exemplis
289 3456 350 3520 hoc
382 3456 485 3523 facere
517 3455 627 3520 uideas
667 3462 700 3520 et
732 3454 896 3519 Christum
933 3451 1044 3515 audias
1083 3449 1254 3515 dicentem:

194 3644 885 3712 1(1111.12,10;26,1;41,54-42,1;43,1
956 3641 1253 3707 elrenr.12,7-e

114 3736 143 3789 10
158 3736 254 3789 Matth.
274 3739 301 3803 5,
320 3736 427 3792 44-45
520 3736 552 3788 17
566 3734 632 3789 Luc.
649 3736 692 3801 14,
706 3734 812 3787 21-23
891 3730 924 3785 18
943 3730 1003 3785 Act.
1018 3731 1042 3791 9,
1059 3730 1147 3783 3-18

144 3859 240 3927 3non,
256 3862 323 3913 m.2
341 3877 391 3913 uos
409 3859 437 3913 P
487 3858 621 3913 tdocere
638 3875 689 3911 nos
707 3875 760 3911 non
781 3856 868 3911 solum
886 3854 913 3907 L
977 3854 1164 3923 ircligiosus,
1185 3867 1252 3906 corr.

115 3952 166 3999 sni
182 3947 325 4016 religiosos
343 3946 381 4001 M
444 3948 476 4002 10
495 3946 650 4017 diligamus.
669 3962 726 3999 rae.
746 3944 886 4014 diligimur
905 3942 1012 3997 ataid.
1033 3940 1060 3993 P
1125 3943 1155 3995 ll
1176 3956 1253 4009 prae-

115 4036 174 4103 cipit
190 4052 218 4089 111
288 4036 389 4091 scimus
408 4036 434 4088 L
503 4037 536 4089 12
555 4035 623 4089 iacit
641 4036 726 4088 solem
745 4050 823 4087 suum
842 4034 870 4085 P
886 4032 946 4086 edd.
1017 4032 1050 4085 13
1069 4030 1165 4092 bouus,
1184 4044 1253 4082 corr.

113 4122 191 4178 tonos
208 4124 248 4177 Μ
314 4125 403 4178 iustos
421 4128 450 4179 et
467 4124 565 4187 iustos,
584 4141 653 4179 corr.
672 4129 731 4181 ns,1
749 4124 837 4177 iustos
857 4126 884 4176 et
902 4122 1018 4175 iniustos
1035 4119 1072 4172 M
1135 4117 1168 4170 14
1187 4116 1254 4169 11111-

115 4213 233 4279 gcllaM
295 4215 329 4269 16
346 4214 409 4283 lega
426 4214 454 4267 P
521 4213 656 4267 idatium
676 4211 775 4267 omi)
841 4212 875 4264 20
894 4213 1022 4278 cogentes
1042 4208 1105 4269 (dcl.
1124 4210 1200 4271 m.2)
1219 4203 1257 4257 M

116 4301 145 4354 21
163 4301 311 4371 quamlibet
327 4301 391 4355 ML
426 4302 461 4355 22
480 4302 586 4371 capitur
598 4301 661 4355 MA
701 4301 737 4355 23
755 4303 908 4370 prostratus
927 4315 993 4352 uoce
1014 4298 1083 4350 lrm
1103 4298 1254 4363 prostratus

116 4388 209 4444 lumine
227 4396 286 4444 cett.
305 4390 365 4444 edd.
439 4389 584 4443 admissam
606 4391 629 4439 (¹
681 4390 717 4442 24
735 4390 807 4443 uiam
827 4388 889 4441 MA

143 4515 256 4562 xxxrur,
265 4517 322 4566 au«.
331 4521 385 4556 sect.
400 4516 424 4555 rr
437 4526 489 4564 pm
498 4517 520 4555 r.
1184 4489 1219 4541 20
