3092 5217
238 501 301 566 718
613 499 639 553 S.
667 498 805 553 Aureli
834 499 1052 568 Augustini

184 693 226 755 16
280 697 323 761 Et
353 697 380 762 si
413 697 493 762 forte
525 697 556 760 in
591 696 641 760 his
675 697 781 762 uerbis
810 697 929 761 domini
957 697 1042 762 aliud
1071 697 1177 779 aptius
1204 696 1386 780 meliusque

235 803 379 888 intellegi
410 807 525 886 potest,
558 803 665 885 opinio
697 806 815 880 tamen,
850 823 913 886 qua
943 807 1075 888 putatur
1108 803 1288 868 substantia
1315 822 1388 867 esse

236 911 334 993 patris
357 911 388 974 in
408 909 505 985 anolo,
530 910 703 974 seeundum
727 910 813 994 quod
835 913 925 994 pater
947 929 1010 975 una
1033 911 1063 974 in
1087 910 1228 974 trinitate
1251 927 1389 992 persona

237 1021 295 1092 est,
321 1015 472 1080 diuinitas
496 1035 570 1081 uero
594 1035 655 1082 non
679 1016 819 1081 incaelo
843 1019 968 1082 tantum
992 1017 1049 1082 sed
1071 1017 1190 1100 ubique
1210 1019 1269 1093 est,
1293 1015 1389 1098 quasi

236 1123 324 1188 aliud
352 1124 395 1187 sit
421 1126 510 1204 pater
542 1122 628 1187 aliud
656 1123 809 1188 diuinitas
838 1123 916 1200 eius,
946 1142 1026 1205 quae
1053 1123 1101 1188 illi
1130 1123 1305 1188 eommunis
1338 1125 1391 1186 est
1425 1147 1438 1184 θ

236 1247 311 1293 aum
342 1228 407 1292 filio
437 1231 469 1292 et
500 1228 615 1310 spiritu
647 1231 767 1306 sanato,
800 1232 838 1293 ut
864 1229 935 1311 ipsa
961 1229 1087 1294 trinitas
1114 1233 1276 1312 tamquam
1304 1227 1390 1292 loeis

237 1334 453 1419 corporalibus
486 1338 519 1399 et
549 1339 711 1417 tamquam
744 1354 894 1418 corporea
931 1335 983 1414 sit,
1022 1335 1174 1400 diuinitas
1211 1355 1285 1401 uero
1324 1353 1391 1400 una

235 1442 333 1506 trium
360 1460 565 1524 personarum
588 1441 708 1523 ubique
736 1442 780 1506 sit
806 1461 955 1524 praesens
979 1445 1011 1506 et
1033 1442 1104 1524 ipsa
1131 1441 1200 1507 sola
1222 1445 1391 1524 tamquam

235 1549 420 1630 incorporea
442 1546 560 1629 ubique
585 1547 628 1611 sit
650 1550 728 1626 tota,
757 1548 825 1612 sino
849 1548 1047 1612 dubitatione
1071 1548 1247 1631 respuenda
1270 1555 1328 1614 est.
1359 1549 1391 1612 si

236 1655 320 1719 enim
340 1655 477 1736 qualitas
498 1673 606 1718 eorum
625 1658 711 1719 esset
728 1691 773 1703 —
793 1655 878 1736 quod
897 1655 991 1732 absit,
1015 1658 1052 1719 ut
1074 1654 1106 1718 in
1130 1658 1218 1738 patre
1241 1660 1296 1720 ant
1320 1656 1391 1720 lilio
1414 1683 1440 1719 lo

236 1764 294 1826 ant
311 1761 425 1844 spiritu
444 1764 554 1825 sanato
574 1761 660 1825 aliud
680 1762 722 1825 sit
744 1761 881 1843 qualitas
906 1761 993 1826 aliud
1012 1762 1192 1827 substantia
1209 1799 1260 1839 —,
1279 1767 1391 1826 tamen

237 1866 265 1932 si
288 1887 398 1932 eorum
421 1867 559 1949 qualitas
582 1885 653 1931 esse
676 1873 797 1949 posset,
822 1867 931 1950 utique
955 1869 1092 1950 amplius
1117 1867 1212 1932 alicui
1235 1888 1332 1950 quam
1356 1870 1391 1932 in

238 1992 297 2037 sua
324 1973 504 2038 substantia
532 1992 603 2038 esse
631 1992 692 2038 non
719 1979 843 2057 posset3
878 1974 906 2038 si
934 1977 1041 2038 autem
1070 1974 1248 2040 substantia
1277 1978 1328 2038 est
1356 1979 1393 2040 et

237 2081 378 2158 aliaest,
399 2099 494 2162 quam
514 2082 590 2144 sunt
607 2080 680 2162 ipsi,
701 2080 763 2144 alia
783 2080 963 2146 substantia
978 2084 1037 2158 ast,
1057 2081 1141 2163 quod
1160 2081 1259 2147 nihilo
1279 2081 1391 2146 minus

236 2185 409 2250 falsissime
433 2186 580 2250 eraditur.
1412 2213 1440 2252 ιθ

186 2290 226 2355 17
283 2293 344 2358 Sed
373 2294 402 2358 si
429 2293 510 2358 forte
537 2294 644 2358 minus
670 2293 842 2378 intellegis,
870 2294 952 2358 inter
975 2293 1160 2376 qualitatem
1189 2299 1284 2376 atque
1314 2294 1391 2358 sub-

238 2399 387 2464 stantiam
421 2399 499 2482 quid
529 2399 665 2479 intersit,
697 2400 758 2464 hoo
786 2404 869 2464 certe
903 2401 1029 2466 facilius
1061 2400 1213 2477 aduersis,
1242 2400 1328 2482 quod
1355 2409 1390 2464 et

237 2506 389 2570 diuinitas
416 2505 569 2570 trinitatis
593 2543 637 2552 -
660 2525 739 2586 quae
767 2509 898 2588 putatur
926 2507 987 2570 alia
1015 2525 1096 2585 esse,
1120 2526 1214 2588 quam
1239 2509 1289 2571 est
1317 2509 1390 2590 ipsa

236 2613 373 2691 trinitas,
398 2616 430 2676 at
451 2615 580 2694 propter
601 2613 683 2676 hano
706 2612 768 2677 diei
797 2633 857 2678 non
881 2617 945 2677 tres
968 2613 1044 2679 deos
1073 2613 1129 2678 sed
1155 2633 1255 2678 unum
1280 2613 1389 2690 deum,

238 2719 385 2802 quoniam
409 2719 478 2801 ipsa
502 2722 552 2784 est
574 2719 676 2783 tribus
700 2739 764 2784 una
787 2721 963 2784 communis
987 2757 1030 2767 —-
1055 2724 1110 2784 aut
1133 2720 1314 2786 substantia
1337 2724 1390 2784 est
1409 2741 1436 2780 ao

238 2828 294 2889 aut
321 2845 381 2890 non
411 2827 461 2890 est
493 2825 680 2890 substantia.
715 2826 742 2890 si
776 2827 956 2891 substantia
983 2831 1033 2892 est
1060 2831 1092 2891 et
1123 2827 1185 2892 alia
1213 2830 1264 2891 est
1291 2846 1388 2909 quam

237 2934 326 3013 pater
348 2934 404 2994 aut
426 2930 512 2995 filius
536 2933 592 2995 aut
615 2931 747 3014 spiritus
771 2935 901 2996 sanatus
922 2935 977 2996 aut
996 2932 1104 2997 eadem
1129 2931 1225 2996 simul
1249 2932 1387 3006 trinitas,

237 3038 462 3122 proculdubio
487 3038 548 3102 alia
570 3037 751 3103 substantia
770 3043 832 3112 est;
857 3039 917 3103 hoo
942 3043 1049 3104 autem
1072 3039 1190 3104 ueritas
1213 3039 1330 3103 refellit
1352 3043 1386 3102 et

236 3144 369 3225 respuit.
393 3145 422 3208 si
444 3149 552 3208 autem
575 3147 704 3209 nonest
728 3145 908 3210 substantia
930 3146 994 3210 ista
1012 3145 1163 3210 diuinitas
1188 3150 1219 3210 et
1243 3147 1312 3228 ipsa
1335 3152 1388 3209 est

237 3251 326 3330 deus,
351 3249 425 3332 quia
451 3251 522 3334 ipsa
549 3255 599 3330 est
626 3251 744 3333 ubique
768 3255 845 3327 tota,
874 3271 934 3316 non
962 3250 1018 3316 illa
1046 3251 1181 3326 trinitas,
1206 3271 1280 3336 ergo
1305 3251 1388 3316 deus
1409 3273 1438 3313 ae

238 3359 372 3422 nonest
399 3357 593 3432 substantia;
623 3358 694 3440 quis
723 3359 783 3421 hoa
808 3357 984 3422 catholicus
1010 3358 1142 3422 dixerit?
1170 3359 1248 3423 item
1272 3359 1299 3422 si
1322 3378 1386 3422 non

237 3465 287 3527 est
318 3462 497 3527 substantia
528 3463 591 3526 ista
618 3462 769 3526 diuinitas
799 3467 831 3527 et
863 3463 1037 3527 seeundum
1070 3463 1151 3528 hano
1179 3467 1228 3528 est
1259 3463 1387 3528 trinitas

237 3589 320 3632 unus
340 3569 428 3649 deus,
449 3569 535 3652 quod
557 3568 634 3633 haee
658 3589 721 3634 una
739 3573 789 3633 est
811 3570 842 3632 in
862 3569 976 3649 tribus,
999 3589 1061 3634 uon
1081 3569 1192 3634 debuit
1211 3570 1272 3635 diei
1295 3575 1389 3653 pater

274 3709 287 3762 1
309 3707 383 3761 aliud
401 3725 451 3763 om.
469 3707 584 3762 OPTT¹
603 3708 663 3762 edd.
678 3714 835 3776 praeterm,
849 3708 899 3761 abi
911 3709 1062 3777 postferte
1076 3711 1200 3777 positam
1214 3715 1253 3762 est
1306 3725 1387 3778 aper-

235 3798 292 3851 tius
310 3796 337 3849 P
407 3798 528 3866 2patris
547 3813 606 3849 esso
629 3796 664 3849 Τ1
682 3797 741 3852 cdd.
822 3799 886 3852 oet
906 3814 964 3850 oum
985 3797 1082 3866 spiritu
1101 3797 1162 3850 Por
1234 3799 1313 3851 9est
1331 3813 1386 3851 om.

239 3885 428 3940 oprmeoo.
486 3885 519 3938 10
537 3888 779 3954 eorum'lllparua
797 3885 906 3953 ros.)B
962 3887 995 3940 12
1014 3885 1150 3939 alieubim
1222 3887 1248 3939 in
1264 3902 1316 3941 om.
1334 3885 1391 3939 OT

236 3975 297 4028 edd.
316 3979 460 4042 praeterae
516 3975 549 4028 13
564 3991 609 4042 pr.
625 3975 779 4028 substantia
797 3992 848 4028 om.
871 3973 987 4028 ΟΡΤΤι
1006 3974 1067 4030 edo.
1081 3981 1232 4043 praeterat
1289 3977 1323 4029 14
1342 3983 1388 4030 est

237 4062 428 4116 substantiaO
466 4064 498 4116 16
514 4064 674 4132 qualitatem
689 4067 717 4115 et
731 4064 912 4117 substantiam
930 4061 1045 4116 OPTT¹
1059 4063 1240 4116 substantiam
1255 4067 1282 4116 et
1295 4064 1388 4132 quali-

235 4154 321 4204 tatem
340 4151 399 4203 eoo.
456 4152 491 4205 20
510 4152 648 4222 quoniam]
669 4153 795 4221 quamO
845 4154 876 4206 21
899 4155 926 4205 et
946 4153 1060 4206 aliaest
1080 4153 1129 4214 oia,
1150 4152 1267 4206 alteram
1287 4152 1339 4209 alal.
1360 4154 1390 4207 P

236 4241 271 4292 22
286 4243 364 4308 pater
378 4241 435 4308 aut]
452 4245 529 4310 pater
544 4245 572 4293 et
583 4241 608 4293 P
662 4240 770 4294 trinitas
786 4241 864 4294 simul
874 4241 960 4310 siquis
970 4257 1037 4294 corr.
1052 4240 1087 4293 Τ1
1124 4242 1158 4294 24
1172 4241 1343 4294 substantia.
1358 4243 1388 4294 B

236 4328 425 4397 27hanoest]
445 4329 515 4382 lianc
535 4330 639 4384 esseO
692 4331 726 4384 28
746 4329 818 4398 quod
875 4329 1123 4396 (ras.1-2l.)B
1177 4330 1387 4384 unaintribns

237 4420 278 4470 est
297 4434 346 4470 nec
365 4417 459 4471 ‹lebuit
482 4418 515 4470 T¹
