<?xml version="1.0" encoding="UTF-8"?>
<!DOCTYPE html PUBLIC "-//W3C//DTD XHTML 1.0 Transitional//EN"
    "http://www.w3.org/TR/xhtml1/DTD/xhtml1-transitional.dtd">
<html xmlns="http://www.w3.org/1999/xhtml" xml:lang="en" lang="en">
 <head>
  <title>
</title>
<meta http-equiv="Content-Type" content="text/html;charset=utf-8" />
  <meta name='ocr-system' content='tesseract 3.04.00' />
  <meta name='ocr-capabilities' content='ocr_page ocr_carea ocr_par ocr_line ocrx_word'/>
</head>
<body>
  <div class='ocr_page' id='page_1' title='image "./corpusscriptoru06wissgoog_0730.png"; bbox 0 0 3092 5217; ppageno 0'>
   <div class='ocr_carea' id='block_1_1' title="bbox 310 528 1116 598">
    <p class='ocr_par' dir='ltr' id='par_1_1' title="bbox 310 528 1116 598">
     <span class='ocr_line' id='line_1_1' title="bbox 310 528 1116 598; baseline -0.012 -8"><span class='ocrx_word' id='word_1_1' title='bbox 310 533 373 598; x_wconf 88' lang='grc'><strong>708</strong></span> <span class='ocrx_word' id='word_1_2' title='bbox 680 529 706 583; x_wconf 84' lang='lat' dir='ltr'><strong>S.</strong></span> <span class='ocrx_word' id='word_1_3' title='bbox 734 528 871 584; x_wconf 81' lang='lat' dir='ltr'><strong>Aureli</strong></span> <span class='ocrx_word' id='word_1_4' title='bbox 900 528 1116 598; x_wconf 79' lang='lat' dir='ltr'><strong>Augustini</strong></span> 
     </span>
    </p>
   </div>
   <div class='ocr_carea' id='block_1_2' title="bbox 258 721 1512 3579">
    <p class='ocr_par' dir='ltr' id='par_1_2' title="bbox 305 721 1479 1556">
     <span class='ocr_line' id='line_1_2' title="bbox 308 721 1446 807; baseline -0.004 -18"><span class='ocrx_word' id='word_1_5' title='bbox 308 725 437 807; x_wconf 92' lang='lat' dir='ltr'><strong>quidam</strong></span> <span class='ocrx_word' id='word_1_6' title='bbox 466 725 560 789; x_wconf 88' lang='lat' dir='ltr'><strong>etlam</strong></span> <span class='ocrx_word' id='word_1_7' title='bbox 589 724 757 788; x_wconf 90' lang='lat' dir='ltr'><strong>minimum</strong></span> <span class='ocrx_word' id='word_1_8' title='bbox 781 726 814 788; x_wconf 87' lang='lat' dir='ltr'><strong>ct</strong></span> <span class='ocrx_word' id='word_1_9' title='bbox 836 726 941 788; x_wconf 89' lang='lat' dir='ltr'><strong>tamen</strong></span> <span class='ocrx_word' id='word_1_10' title='bbox 969 723 1001 786; x_wconf 89' lang='lat' dir='ltr'><strong>in</strong></span> <span class='ocrx_word' id='word_1_11' title='bbox 1030 721 1083 787; x_wconf 89' lang='lat' dir='ltr'><strong>uia</strong></span> <span class='ocrx_word' id='word_1_12' title='bbox 1110 722 1183 786; x_wconf 88' lang='lat' dir='ltr'><strong>fidei</strong></span> <span class='ocrx_word' id='word_1_13' title='bbox 1210 723 1446 804; x_wconf 87' lang='lat' dir='ltr'><strong>perseuerantis-</strong></span> 
     </span>
     <span class='ocr_line' id='line_1_3' title="bbox 308 829 1446 915; baseline -0.004 -19"><span class='ocrx_word' id='word_1_14' title='bbox 308 833 386 896; x_wconf 86' lang='lat' dir='ltr'>sime</span> <span class='ocrx_word' id='word_1_15' title='bbox 419 831 599 915; x_wconf 80' lang='lat' dir='ltr'>gradientes</span> <span class='ocrx_word' id='word_1_16' title='bbox 627 831 666 896; x_wconf 90' lang='lat' dir='ltr'><strong>ad</strong></span> <span class='ocrx_word' id='word_1_17' title='bbox 698 830 787 895; x_wconf 89' lang='lat' dir='ltr'><strong>illam</strong></span> <span class='ocrx_word' id='word_1_18' title='bbox 814 829 1033 894; x_wconf 81' lang='lat' dir='ltr'><strong>beatissimam</strong></span> <span class='ocrx_word' id='word_1_19' title='bbox 1062 829 1361 911; x_wconf 88' lang='lat' dir='ltr'><strong>contemplationem</strong></span> <span class='ocrx_word' id='word_1_20' title='bbox 1387 847 1446 910; x_wconf 88' lang='lat' dir='ltr'><strong>per-</strong></span> 
     </span>
     <span class='ocr_line' id='line_1_4' title="bbox 307 934 1447 1022; baseline -0.004 -20"><span class='ocrx_word' id='word_1_21' title='bbox 307 938 449 1017; x_wconf 90' lang='lat' dir='ltr'><strong>ueniunt,</strong></span> <span class='ocrx_word' id='word_1_22' title='bbox 478 938 607 1022; x_wconf 89' lang='lat' dir='ltr'><strong>quidam</strong></span> <span class='ocrx_word' id='word_1_23' title='bbox 634 956 721 1015; x_wconf 89' lang='lat' dir='ltr'><strong>uero,</strong></span> <span class='ocrx_word' id='word_1_24' title='bbox 751 936 828 1019; x_wconf 90' lang='lat' dir='ltr'><strong>quid</strong></span> <span class='ocrx_word' id='word_1_25' title='bbox 855 937 899 1002; x_wconf 89' lang='lat' dir='ltr'><strong>sit</strong></span> <span class='ocrx_word' id='word_1_26' title='bbox 926 940 1039 1001; x_wconf 90' lang='lat' dir='ltr'><strong>natura</strong></span> <span class='ocrx_word' id='word_1_27' title='bbox 1064 935 1247 1012; x_wconf 90' lang='lat' dir='ltr'><strong>inuisibilis,</strong></span> <span class='ocrx_word' id='word_1_28' title='bbox 1280 934 1447 1000; x_wconf 89' lang='lat' dir='ltr'><strong>incommu-</strong></span> 
     </span>
     <span class='ocr_line' id='line_1_5' title="bbox 306 1041 1446 1127; baseline -0.004 -18"><span class='ocrx_word' id='word_1_29' title='bbox 306 1045 425 1122; x_wconf 89' lang='lat' dir='ltr'><strong>tabilis,</strong></span> <span class='ocrx_word' id='word_1_30' title='bbox 462 1045 656 1127; x_wconf 84' lang='lat' dir='ltr'><strong>incorporea,</strong></span> <span class='ocrx_word' id='word_1_31' title='bbox 694 1047 868 1127; x_wconf 89' lang='lat' dir='ltr'><strong>utcumque</strong></span> <span class='ocrx_word' id='word_1_32' title='bbox 903 1044 967 1108; x_wconf 88' lang='lat' dir='ltr'><strong>iam</strong></span> <span class='ocrx_word' id='word_1_33' title='bbox 1004 1043 1142 1108; x_wconf 91' lang='lat' dir='ltr'><strong>scientes</strong></span> <span class='ocrx_word' id='word_1_34' title='bbox 1175 1045 1206 1106; x_wconf 91' lang='lat' dir='ltr'><strong>et</strong></span> <span class='ocrx_word' id='word_1_35' title='bbox 1242 1041 1342 1120; x_wconf 90' lang='lat' dir='ltr'><strong>uiam,</strong></span> <span class='ocrx_word' id='word_1_36' title='bbox 1375 1060 1446 1123; x_wconf 88' lang='lat' dir='ltr'><strong>quae</strong></span> 
     </span>
     <span class='ocr_line' id='line_1_6' title="bbox 307 1146 1479 1230; baseline -0.006 -15"><span class='ocrx_word' id='word_1_37' title='bbox 307 1152 395 1216; x_wconf 90' lang='lat' dir='ltr'><strong>ducit</strong></span> <span class='ocrx_word' id='word_1_38' title='bbox 419 1152 457 1215; x_wconf 90' lang='lat' dir='ltr'><strong>ad</strong></span> <span class='ocrx_word' id='word_1_39' title='bbox 481 1154 602 1216; x_wconf 77' lang='lat' dir='ltr'><strong>tantam</strong></span> <span class='ocrx_word' id='word_1_40' title='bbox 625 1150 833 1216; x_wconf 89' lang='lat' dir='ltr'><strong>beatitudinis</strong></span> <span class='ocrx_word' id='word_1_41' title='bbox 858 1150 1064 1224; x_wconf 81' lang='lat' dir='ltr'><strong>mansionem,</strong></span> <span class='ocrx_word' id='word_1_42' title='bbox 1089 1149 1235 1230; x_wconf 87' lang='lat' dir='ltr'><strong>quoniam</strong></span> <span class='ocrx_word' id='word_1_43' title='bbox 1261 1149 1362 1212; x_wconf 85' lang='lat' dir='ltr'><strong>stulta</strong></span> <span class='ocrx_word' id='word_1_44' title='bbox 1388 1146 1479 1211; x_wconf 72' lang='lat' dir='ltr'><strong>illisa</strong></span> 
     </span>
     <span class='ocr_line' id='line_1_7' title="bbox 305 1253 1446 1340; baseline -0.006 -18"><span class='ocrx_word' id='word_1_45' title='bbox 305 1258 443 1337; x_wconf 89' lang='lat' dir='ltr'><strong>uidetur,</strong></span> <span class='ocrx_word' id='word_1_46' title='bbox 477 1258 562 1340; x_wconf 88' lang='lat' dir='ltr'><strong>quod</strong></span> <span class='ocrx_word' id='word_1_47' title='bbox 591 1260 640 1321; x_wconf 88' lang='lat' dir='ltr'><strong>ost</strong></span> <span class='ocrx_word' id='word_1_48' title='bbox 668 1256 815 1322; x_wconf 81' lang='lat' dir='ltr'><strong>Christus</strong></span> <span class='ocrx_word' id='word_1_49' title='bbox 849 1255 1027 1332; x_wconf 85' lang='lat' dir='ltr'><strong>crucifixus,</strong></span> <span class='ocrx_word' id='word_1_50' title='bbox 1060 1258 1165 1320; x_wconf 89' lang='lat' dir='ltr'><strong>tenere</strong></span> <span class='ocrx_word' id='word_1_51' title='bbox 1197 1256 1383 1318; x_wconf 83' lang='lat' dir='ltr'><strong>recusantes</strong></span> <span class='ocrx_word' id='word_1_52' title='bbox 1413 1253 1446 1315; x_wconf 88' lang='lat' dir='ltr'><strong>sd</strong></span> 
     </span>
     <span class='ocr_line' id='line_1_8' title="bbox 307 1361 1447 1448; baseline -0.007 -18"><span class='ocrx_word' id='word_1_53' title='bbox 307 1367 423 1448; x_wconf 90' lang='lat' dir='ltr'><strong>quietis</strong></span> <span class='ocrx_word' id='word_1_54' title='bbox 455 1365 557 1448; x_wconf 90' lang='lat' dir='ltr'><strong>ipsius</strong></span> <span class='ocrx_word' id='word_1_55' title='bbox 590 1364 762 1448; x_wconf 85' lang='lat' dir='ltr'><strong>penetrale,</strong></span> <span class='ocrx_word' id='word_1_56' title='bbox 793 1363 884 1428; x_wconf 88' lang='lat' dir='ltr'><strong>cuius</strong></span> <span class='ocrx_word' id='word_1_57' title='bbox 912 1363 976 1426; x_wconf 90' lang='lat' dir='ltr'><strong>iam</strong></span> <span class='ocrx_word' id='word_1_58' title='bbox 1004 1363 1075 1426; x_wconf 91' lang='lat' dir='ltr'><strong>luce</strong></span> <span class='ocrx_word' id='word_1_59' title='bbox 1103 1380 1193 1426; x_wconf 90' lang='lat' dir='ltr'><strong>mens</strong></span> <span class='ocrx_word' id='word_1_60' title='bbox 1221 1380 1330 1425; x_wconf 87' lang='lat' dir='ltr'><strong>eorum</strong></span> <span class='ocrx_word' id='word_1_61' title='bbox 1363 1361 1447 1423; x_wconf 88' lang='lat' dir='ltr'><strong>uelut.</strong></span> 
     </span>
     <span class='ocr_line' id='line_1_9' title="bbox 305 1467 1394 1556; baseline -0.005 -21"><span class='ocrx_word' id='word_1_62' title='bbox 305 1472 336 1536; x_wconf 94' lang='lat' dir='ltr'><strong>in</strong></span> <span class='ocrx_word' id='word_1_63' title='bbox 359 1472 534 1556; x_wconf 87' lang='lat' dir='ltr'><strong>longinqua</strong></span> <span class='ocrx_word' id='word_1_64' title='bbox 555 1471 697 1535; x_wconf 85' lang='lat' dir='ltr'><strong>radiante</strong></span> <span class='ocrx_word' id='word_1_65' title='bbox 720 1469 956 1554; x_wconf 84' lang='lat' dir='ltr'><strong>perstringitur,</strong></span> <span class='ocrx_word' id='word_1_66' title='bbox 980 1467 1143 1550; x_wconf 88' lang='lat' dir='ltr'><strong>peruenire</strong></span> <span class='ocrx_word' id='word_1_67' title='bbox 1166 1485 1226 1532; x_wconf 90' lang='lat' dir='ltr'><strong>non</strong></span> <span class='ocrx_word' id='word_1_68' title='bbox 1249 1469 1394 1550; x_wconf 87' lang='lat' dir='ltr'><strong>possunt</strong></span> 
     </span>
    </p>

    <p class='ocr_par' dir='ltr' id='par_1_3' title="bbox 261 1573 1512 3258">
     <span class='ocr_line' id='line_1_10' title="bbox 261 1573 1446 1660; baseline -0.002 -22"><span class='ocrx_word' id='word_1_69' title='bbox 261 1576 281 1638; x_wconf 85' lang='lat'>5</span> <span class='ocrx_word' id='word_1_70' title='bbox 350 1577 434 1643; x_wconf 86' lang='lat' dir='ltr'><strong>Sunt</strong></span> <span class='ocrx_word' id='word_1_71' title='bbox 452 1581 558 1643; x_wconf 90' lang='lat' dir='ltr'><strong>autem</strong></span> <span class='ocrx_word' id='word_1_72' title='bbox 578 1577 742 1659; x_wconf 89' lang='lat' dir='ltr'><strong>quaedam,</strong></span> <span class='ocrx_word' id='word_1_73' title='bbox 763 1597 844 1660; x_wconf 87' lang='lat' dir='ltr'><strong>quae</strong></span> <span class='ocrx_word' id='word_1_74' title='bbox 864 1595 936 1640; x_wconf 92' lang='lat' dir='ltr'><strong>cum</strong></span> <span class='ocrx_word' id='word_1_75' title='bbox 957 1575 1161 1652; x_wconf 84' lang='lat' dir='ltr'><strong>audierimus,</strong></span> <span class='ocrx_word' id='word_1_76' title='bbox 1185 1593 1247 1640; x_wconf 92' lang='lat' dir='ltr'><strong>non</strong></span> <span class='ocrx_word' id='word_1_77' title='bbox 1266 1573 1313 1638; x_wconf 87' lang='lat' dir='ltr'><strong>eis</strong></span> <span class='ocrx_word' id='word_1_78' title='bbox 1332 1592 1446 1637; x_wconf 88' lang='lat' dir='ltr'><strong>accom-</strong></span> 
     </span>
     <span class='ocr_line' id='line_1_11' title="bbox 304 1681 1481 1764; baseline -0.007 -16"><span class='ocrx_word' id='word_1_79' title='bbox 304 1686 471 1751; x_wconf 88' lang='lat' dir='ltr'><strong>modamus</strong></span> <span class='ocrx_word' id='word_1_80' title='bbox 491 1684 585 1748; x_wconf 88' lang='lat' dir='ltr'><strong>fidem</strong></span> <span class='ocrx_word' id='word_1_81' title='bbox 603 1688 635 1749; x_wconf 92' lang='lat' dir='ltr'><strong>et</strong></span> <span class='ocrx_word' id='word_1_82' title='bbox 652 1685 773 1748; x_wconf 87' lang='lat' dir='ltr'><strong>rationo</strong></span> <span class='ocrx_word' id='word_1_83' title='bbox 792 1683 883 1748; x_wconf 88' lang='lat' dir='ltr'><strong>nobis</strong></span> <span class='ocrx_word' id='word_1_84' title='bbox 902 1681 1026 1746; x_wconf 87' lang='lat' dir='ltr'><strong>reddita</strong></span> <span class='ocrx_word' id='word_1_85' title='bbox 1043 1701 1120 1746; x_wconf 87' lang='lat' dir='ltr'><strong>uera</strong></span> <span class='ocrx_word' id='word_1_86' title='bbox 1134 1699 1203 1746; x_wconf 90' lang='lat' dir='ltr'><strong>esse</strong></span> <span class='ocrx_word' id='word_1_87' title='bbox 1222 1681 1446 1764; x_wconf 81' lang='lat' dir='ltr'><strong>cognoscimus,</strong></span> <span class='ocrx_word' id='word_1_88' title='bbox 1462 1702 1481 1739; x_wconf 84' lang='lat' dir='ltr'><strong>o</strong></span> 
     </span>
     <span class='ocr_line' id='line_1_12' title="bbox 306 1787 1444 1874; baseline -0.004 -19"><span class='ocrx_word' id='word_1_89' title='bbox 306 1811 385 1874; x_wconf 89' lang='lat' dir='ltr'><strong>quae</strong></span> <span class='ocrx_word' id='word_1_90' title='bbox 409 1791 535 1856; x_wconf 87' lang='lat' dir='ltr'><strong>credero</strong></span> <span class='ocrx_word' id='word_1_91' title='bbox 558 1810 619 1856; x_wconf 92' lang='lat' dir='ltr'><strong>uon</strong></span> <span class='ocrx_word' id='word_1_92' title='bbox 647 1790 803 1855; x_wconf 84' lang='lat' dir='ltr'><strong>ualemus.</strong></span> <span class='ocrx_word' id='word_1_93' title='bbox 833 1792 865 1854; x_wconf 88' lang='lat' dir='ltr'><strong>et</strong></span> <span class='ocrx_word' id='word_1_94' title='bbox 887 1789 1038 1853; x_wconf 88' lang='lat' dir='ltr'><strong>uniuersa</strong></span> <span class='ocrx_word' id='word_1_95' title='bbox 1062 1788 1112 1852; x_wconf 90' lang='lat' dir='ltr'><strong>dei</strong></span> <span class='ocrx_word' id='word_1_96' title='bbox 1140 1787 1293 1852; x_wconf 88' lang='lat' dir='ltr'><strong>miracula</strong></span> <span class='ocrx_word' id='word_1_97' title='bbox 1318 1787 1388 1850; x_wconf 89' lang='lat' dir='ltr'><strong>ideo</strong></span> <span class='ocrx_word' id='word_1_98' title='bbox 1411 1787 1444 1850; x_wconf 91' lang='lat' dir='ltr'><strong>ab</strong></span> 
     </span>
     <span class='ocr_line' id='line_1_13' title="bbox 304 1893 1512 1978; baseline -0.006 -16"><span class='ocrx_word' id='word_1_99' title='bbox 304 1898 487 1963; x_wconf 88' lang='lat' dir='ltr'><strong>infidelibus</strong></span> <span class='ocrx_word' id='word_1_100' title='bbox 511 1916 572 1962; x_wconf 91' lang='lat' dir='ltr'><strong>non</strong></span> <span class='ocrx_word' id='word_1_101' title='bbox 592 1896 772 1972; x_wconf 89' lang='lat' dir='ltr'><strong>creduntur,</strong></span> <span class='ocrx_word' id='word_1_102' title='bbox 793 1895 868 1978; x_wconf 88' lang='lat' dir='ltr'><strong>quia</strong></span> <span class='ocrx_word' id='word_1_103' title='bbox 887 1914 994 1960; x_wconf 84' lang='lat' dir='ltr'><strong>eorum</strong></span> <span class='ocrx_word' id='word_1_104' title='bbox 1014 1895 1095 1958; x_wconf 88' lang='lat' dir='ltr'><strong>ratio</strong></span> <span class='ocrx_word' id='word_1_105' title='bbox 1121 1913 1179 1959; x_wconf 89' lang='lat' dir='ltr'><strong>non</strong></span> <span class='ocrx_word' id='word_1_106' title='bbox 1204 1893 1342 1962; x_wconf 87' lang='lat' dir='ltr'><strong>uidetur,</strong></span> <span class='ocrx_word' id='word_1_107' title='bbox 1367 1896 1445 1956; x_wconf 83' lang='lat' dir='ltr'><strong>etro</strong></span> <span class='ocrx_word' id='word_1_108' title='bbox 1509 1917 1512 1923; x_wconf 63' lang='grc'><strong>’</strong></span> 
     </span>
     <span class='ocr_line' id='line_1_14' title="bbox 306 2001 1444 2087; baseline -0.007 -17"><span class='ocrx_word' id='word_1_109' title='bbox 306 2025 381 2070; x_wconf 91' lang='lat' dir='ltr'><strong>uera</strong></span> <span class='ocrx_word' id='word_1_110' title='bbox 408 2008 494 2082; x_wconf 92' lang='lat' dir='ltr'><strong>sunt,</strong></span> <span class='ocrx_word' id='word_1_111' title='bbox 518 2005 557 2068; x_wconf 88' lang='lat' dir='ltr'><strong>ds</strong></span> <span class='ocrx_word' id='word_1_112' title='bbox 581 2003 696 2087; x_wconf 89' lang='lat' dir='ltr'><strong>quibus</strong></span> <span class='ocrx_word' id='word_1_113' title='bbox 724 2001 805 2067; x_wconf 91' lang='lat' dir='ltr'><strong>ratio</strong></span> <span class='ocrx_word' id='word_1_114' title='bbox 833 2002 922 2067; x_wconf 89' lang='lat' dir='ltr'><strong>reddi</strong></span> <span class='ocrx_word' id='word_1_115' title='bbox 946 2020 1007 2067; x_wconf 91' lang='lat' dir='ltr'><strong>non</strong></span> <span class='ocrx_word' id='word_1_116' title='bbox 1030 2004 1148 2084; x_wconf 89' lang='lat' dir='ltr'><strong>potest,</strong></span> <span class='ocrx_word' id='word_1_117' title='bbox 1176 2019 1237 2065; x_wconf 91' lang='lat' dir='ltr'><strong>nou</strong></span> <span class='ocrx_word' id='word_1_118' title='bbox 1261 2003 1444 2064; x_wconf 88' lang='lat' dir='ltr'><strong>tamennon</strong></span> 
     </span>
     <span class='ocr_line' id='line_1_15' title="bbox 305 2105 1446 2194; baseline -0.008 -18"><span class='ocrx_word' id='word_1_119' title='bbox 305 2115 367 2188; x_wconf 80' lang='lat' dir='ltr'><strong>est3</strong></span> <span class='ocrx_word' id='word_1_120' title='bbox 405 2109 482 2194; x_wconf 90' lang='lat' dir='ltr'><strong>quid</strong></span> <span class='ocrx_word' id='word_1_121' title='bbox 513 2110 596 2174; x_wconf 92' lang='lat' dir='ltr'><strong>enim</strong></span> <span class='ocrx_word' id='word_1_122' title='bbox 631 2113 681 2174; x_wconf 91' lang='lat' dir='ltr'><strong>est</strong></span> <span class='ocrx_word' id='word_1_123' title='bbox 711 2109 743 2173; x_wconf 92' lang='lat' dir='ltr'><strong>in</strong></span> <span class='ocrx_word' id='word_1_124' title='bbox 776 2128 881 2173; x_wconf 90' lang='lat' dir='ltr'><strong>rerum</strong></span> <span class='ocrx_word' id='word_1_125' title='bbox 915 2111 1036 2184; x_wconf 88' lang='lat' dir='ltr'><strong>natura,</strong></span> <span class='ocrx_word' id='word_1_126' title='bbox 1070 2107 1155 2190; x_wconf 89' lang='lat' dir='ltr'><strong>quod</strong></span> <span class='ocrx_word' id='word_1_127' title='bbox 1190 2105 1446 2171; x_wconf 87' lang='lat' dir='ltr'><strong>inrationabiliter</strong></span> 
     </span>
     <span class='ocr_line' id='line_1_16' title="bbox 304 2212 1480 2298; baseline -0.009 -16"><span class='ocrx_word' id='word_1_128' title='bbox 304 2217 415 2283; x_wconf 84' lang='lat' dir='ltr'><strong>iecerit</strong></span> <span class='ocrx_word' id='word_1_129' title='bbox 442 2217 542 2282; x_wconf 79' lang='lat' dir='ltr'><strong>deus?</strong></span> <span class='ocrx_word' id='word_1_130' title='bbox 570 2216 627 2281; x_wconf 89' lang='lat' dir='ltr'><strong>sed</strong></span> <span class='ocrx_word' id='word_1_131' title='bbox 656 2215 853 2298; x_wconf 90' lang='lat' dir='ltr'><strong>quorundam</strong></span> <span class='ocrx_word' id='word_1_132' title='bbox 881 2214 1076 2278; x_wconf 90' lang='lat' dir='ltr'><strong>mirabilium</strong></span> <span class='ocrx_word' id='word_1_133' title='bbox 1104 2232 1234 2296; x_wconf 90' lang='lat' dir='ltr'><strong>operum</strong></span> <span class='ocrx_word' id='word_1_134' title='bbox 1262 2213 1333 2276; x_wconf 90' lang='lat' dir='ltr'><strong>eius</strong></span> <span class='ocrx_word' id='word_1_135' title='bbox 1358 2212 1442 2275; x_wconf 88' lang='lat' dir='ltr'><strong>etiam</strong></span> <span class='ocrx_word' id='word_1_136' title='bbox 1461 2231 1480 2270; x_wconf 83' lang='lat' dir='ltr'><strong>n</strong></span> 
     </span>
     <span class='ocr_line' id='line_1_17' title="bbox 304 2318 1443 2407; baseline -0.008 -18"><span class='ocrx_word' id='word_1_137' title='bbox 304 2325 429 2407; x_wconf 81' lang='lat' dir='ltr'><strong>expedit</strong></span> <span class='ocrx_word' id='word_1_138' title='bbox 459 2323 614 2405; x_wconf 85' lang='lat' dir='ltr'><strong>tantisper</strong></span> <span class='ocrx_word' id='word_1_139' title='bbox 647 2323 805 2387; x_wconf 92' lang='lat' dir='ltr'><strong>occultam</strong></span> <span class='ocrx_word' id='word_1_140' title='bbox 838 2339 908 2386; x_wconf 91' lang='lat' dir='ltr'><strong>esse</strong></span> <span class='ocrx_word' id='word_1_141' title='bbox 940 2320 1105 2395; x_wconf 87' lang='lat' dir='ltr'><strong>rationem,</strong></span> <span class='ocrx_word' id='word_1_142' title='bbox 1143 2338 1181 2383; x_wconf 90' lang='lat' dir='ltr'><strong>ne</strong></span> <span class='ocrx_word' id='word_1_143' title='bbox 1214 2318 1299 2402; x_wconf 91' lang='lat' dir='ltr'><strong>apud</strong></span> <span class='ocrx_word' id='word_1_144' title='bbox 1331 2318 1443 2382; x_wconf 91' lang='lat' dir='ltr'><strong>animos</strong></span> 
     </span>
     <span class='ocr_line' id='line_1_18' title="bbox 302 2424 1444 2512; baseline -0.007 -18"><span class='ocrx_word' id='word_1_145' title='bbox 302 2429 440 2494; x_wconf 87' lang='lat' dir='ltr'><strong>fastidio.</strong></span> <span class='ocrx_word' id='word_1_146' title='bbox 459 2428 627 2512; x_wconf 88' lang='lat' dir='ltr'><strong>languidos</strong></span> <span class='ocrx_word' id='word_1_147' title='bbox 653 2427 796 2492; x_wconf 89' lang='lat' dir='ltr'><strong>eiusdem</strong></span> <span class='ocrx_word' id='word_1_148' title='bbox 825 2426 956 2491; x_wconf 88' lang='lat' dir='ltr'><strong>rationis</strong></span> <span class='ocrx_word' id='word_1_149' title='bbox 981 2426 1160 2510; x_wconf 87' lang='lat' dir='ltr'><strong>cognitione</strong></span> <span class='ocrx_word' id='word_1_150' title='bbox 1183 2424 1350 2489; x_wconf 80' lang='lat' dir='ltr'><strong>nitescant.</strong></span> <span class='ocrx_word' id='word_1_151' title='bbox 1380 2429 1444 2489; x_wconf 86' lang='lat' dir='ltr'><strong>suut</strong></span> 
     </span>
     <span class='ocr_line' id='line_1_19' title="bbox 303 2531 1440 2617; baseline -0.007 -17"><span class='ocrx_word' id='word_1_152' title='bbox 303 2537 387 2600; x_wconf 89' lang='lat' dir='ltr'><strong>enim</strong></span> <span class='ocrx_word' id='word_1_153' title='bbox 410 2539 442 2601; x_wconf 87' lang='lat' dir='ltr'><strong>et</strong></span> <span class='ocrx_word' id='word_1_154' title='bbox 469 2536 504 2600; x_wconf 90' lang='lat' dir='ltr'><strong>hi</strong></span> <span class='ocrx_word' id='word_1_155' title='bbox 526 2535 621 2599; x_wconf 89' lang='lat' dir='ltr'><strong>multi</strong></span> <span class='ocrx_word' id='word_1_156' title='bbox 650 2539 734 2610; x_wconf 90' lang='lat' dir='ltr'><strong>sunt,</strong></span> <span class='ocrx_word' id='word_1_157' title='bbox 760 2533 815 2617; x_wconf 91' lang='lat' dir='ltr'><strong>qui</strong></span> <span class='ocrx_word' id='word_1_158' title='bbox 841 2534 915 2616; x_wconf 92' lang='lat' dir='ltr'><strong>plus</strong></span> <span class='ocrx_word' id='word_1_159' title='bbox 945 2534 1093 2597; x_wconf 89' lang='lat' dir='ltr'><strong>tenentur</strong></span> <span class='ocrx_word' id='word_1_160' title='bbox 1120 2531 1327 2596; x_wconf 90' lang='lat' dir='ltr'><strong>admiratione</strong></span> <span class='ocrx_word' id='word_1_161' title='bbox 1348 2549 1440 2594; x_wconf 88' lang='lat' dir='ltr'><strong>rerum</strong></span> 
     </span>
     <span class='ocr_line' id='line_1_20' title="bbox 303 2637 1441 2727; baseline -0.008 -19"><span class='ocrx_word' id='word_1_162' title='bbox 303 2663 398 2727; x_wconf 89' lang='lat' dir='ltr'><strong>quam</strong></span> <span class='ocrx_word' id='word_1_163' title='bbox 421 2642 599 2727; x_wconf 89' lang='lat' dir='ltr'><strong>cognitione</strong></span> <span class='ocrx_word' id='word_1_164' title='bbox 623 2660 801 2718; x_wconf 86' lang='lat' dir='ltr'><strong>causarum,</strong></span> <span class='ocrx_word' id='word_1_165' title='bbox 830 2639 886 2703; x_wconf 90' lang='lat' dir='ltr'><strong>ubi</strong></span> <span class='ocrx_word' id='word_1_166' title='bbox 908 2639 1062 2703; x_wconf 88' lang='lat' dir='ltr'><strong>miracula</strong></span> <span class='ocrx_word' id='word_1_167' title='bbox 1084 2639 1164 2702; x_wconf 90' lang='lat' dir='ltr'><strong>mira</strong></span> <span class='ocrx_word' id='word_1_168' title='bbox 1186 2657 1257 2703; x_wconf 90' lang='lat' dir='ltr'><strong>esse</strong></span> <span class='ocrx_word' id='word_1_169' title='bbox 1281 2637 1441 2711; x_wconf 89' lang='lat' dir='ltr'><strong>desistunt,</strong></span> 
     </span>
     <span class='ocr_line' id='line_1_21' title="bbox 303 2744 1477 2833; baseline -0.011 -19"><span class='ocrx_word' id='word_1_170' title='bbox 303 2753 437 2833; x_wconf 89' lang='lat' dir='ltr'><strong>etopus</strong></span> <span class='ocrx_word' id='word_1_171' title='bbox 461 2752 511 2814; x_wconf 89' lang='lat' dir='ltr'><strong>est</strong></span> <span class='ocrx_word' id='word_1_172' title='bbox 534 2768 589 2814; x_wconf 91' lang='lat' dir='ltr'><strong>oos</strong></span> <span class='ocrx_word' id='word_1_173' title='bbox 612 2748 652 2812; x_wconf 86' lang='lat' dir='ltr'><strong>ad</strong></span> <span class='ocrx_word' id='word_1_174' title='bbox 680 2746 891 2812; x_wconf 89' lang='lat' dir='ltr'><strong>inuisibilium</strong></span> <span class='ocrx_word' id='word_1_175' title='bbox 921 2746 1014 2811; x_wconf 89' lang='lat' dir='ltr'><strong>fidem</strong></span> <span class='ocrx_word' id='word_1_176' title='bbox 1043 2745 1225 2810; x_wconf 92' lang='lat' dir='ltr'><strong>uisibilibus</strong></span> <span class='ocrx_word' id='word_1_177' title='bbox 1253 2744 1441 2808; x_wconf 86' lang='lat' dir='ltr'><strong>mirabilibus</strong></span> <span class='ocrx_word' id='word_1_178' title='bbox 1457 2763 1477 2800; x_wconf 81' lang='lat' dir='ltr'><strong>u</strong></span> 
     </span>
     <span class='ocr_line' id='line_1_22' title="bbox 303 2850 1441 2938; baseline -0.006 -17"><span class='ocrx_word' id='word_1_179' title='bbox 303 2857 441 2934; x_wconf 82' lang='lat' dir='ltr'><strong>excitari,</strong></span> <span class='ocrx_word' id='word_1_180' title='bbox 473 2859 511 2920; x_wconf 91' lang='lat' dir='ltr'><strong>ut</strong></span> <span class='ocrx_word' id='word_1_181' title='bbox 537 2855 675 2938; x_wconf 87' lang='lat' dir='ltr'><strong>puritate</strong></span> <span class='ocrx_word' id='word_1_182' title='bbox 703 2855 830 2938; x_wconf 86' lang='lat' dir='ltr'><strong>purgati</strong></span> <span class='ocrx_word' id='word_1_183' title='bbox 859 2873 896 2918; x_wconf 91' lang='lat' dir='ltr'><strong>eo</strong></span> <span class='ocrx_word' id='word_1_184' title='bbox 924 2852 1120 2936; x_wconf 89' lang='lat' dir='ltr'><strong>perueniant,</strong></span> <span class='ocrx_word' id='word_1_185' title='bbox 1153 2851 1209 2916; x_wconf 92' lang='lat' dir='ltr'><strong>nbi</strong></span> <span class='ocrx_word' id='word_1_186' title='bbox 1236 2850 1441 2915; x_wconf 85' lang='lat' dir='ltr'><strong>familiaritate</strong></span> 
     </span>
     <span class='ocr_line' id='line_1_23' title="bbox 301 2957 1441 3027; baseline -0.007 0"><span class='ocrx_word' id='word_1_187' title='bbox 301 2963 447 3027; x_wconf 88' lang='lat' dir='ltr'><strong>ueritatis</strong></span> <span class='ocrx_word' id='word_1_188' title='bbox 470 2962 578 3026; x_wconf 86' lang='lat' dir='ltr'><strong>mirari</strong></span> <span class='ocrx_word' id='word_1_189' title='bbox 601 2961 756 3026; x_wconf 87' lang='lat' dir='ltr'><strong>desinant.</strong></span> <span class='ocrx_word' id='word_1_190' title='bbox 786 2979 857 3024; x_wconf 90' lang='lat' dir='ltr'><strong>nam</strong></span> <span class='ocrx_word' id='word_1_191' title='bbox 883 2960 969 3024; x_wconf 91' lang='lat' dir='ltr'><strong>etin</strong></span> <span class='ocrx_word' id='word_1_192' title='bbox 992 2959 1126 3024; x_wconf 88' lang='lat' dir='ltr'><strong>theatris</strong></span> <span class='ocrx_word' id='word_1_193' title='bbox 1150 2957 1296 3023; x_wconf 91' lang='lat' dir='ltr'><strong>homines</strong></span> <span class='ocrx_word' id='word_1_194' title='bbox 1318 2957 1441 3021; x_wconf 82' lang='lat' dir='ltr'><strong>funiam-</strong></span> 
     </span>
     <span class='ocr_line' id='line_1_24' title="bbox 302 3063 1440 3148; baseline -0.007 -14"><span class='ocrx_word' id='word_1_195' title='bbox 302 3070 413 3134; x_wconf 91' lang='lat' dir='ltr'><strong>bulum</strong></span> <span class='ocrx_word' id='word_1_196' title='bbox 428 3069 593 3146; x_wconf 89' lang='lat' dir='ltr'><strong>mirautur,</strong></span> <span class='ocrx_word' id='word_1_197' title='bbox 609 3067 742 3132; x_wconf 90' lang='lat' dir='ltr'><strong>musicis</strong></span> <span class='ocrx_word' id='word_1_198' title='bbox 758 3067 970 3142; x_wconf 82' lang='lat' dir='ltr'><strong>delectantur3</strong></span> <span class='ocrx_word' id='word_1_199' title='bbox 989 3066 1021 3130; x_wconf 92' lang='lat' dir='ltr'><strong>in</strong></span> <span class='ocrx_word' id='word_1_200' title='bbox 1035 3067 1092 3130; x_wconf 94' lang='lat' dir='ltr'><strong>illo</strong></span> <span class='ocrx_word' id='word_1_201' title='bbox 1109 3067 1256 3148; x_wconf 87' lang='lat' dir='ltr'><strong>stupetur</strong></span> <span class='ocrx_word' id='word_1_202' title='bbox 1270 3063 1440 3136; x_wconf 85' lang='lat' dir='ltr'><strong>difficultas,</strong></span> 
     </span>
     <span class='ocr_line' id='line_1_25' title="bbox 301 3172 952 3258; baseline -0.005 -18"><span class='ocrx_word' id='word_1_203' title='bbox 301 3177 333 3240; x_wconf 93' lang='lat' dir='ltr'><strong>in</strong></span> <span class='ocrx_word' id='word_1_204' title='bbox 357 3176 408 3240; x_wconf 89' lang='lat' dir='ltr'><strong>his</strong></span> <span class='ocrx_word' id='word_1_205' title='bbox 431 3176 549 3240; x_wconf 89' lang='lat' dir='ltr'><strong>retinet</strong></span> <span class='ocrx_word' id='word_1_206' title='bbox 570 3175 735 3258; x_wconf 88' lang='lat' dir='ltr'><strong>pascitque</strong></span> <span class='ocrx_word' id='word_1_207' title='bbox 757 3172 952 3238; x_wconf 88' lang='lat' dir='ltr'><strong>iucunditas.</strong></span> 
     </span>
    </p>

    <p class='ocr_par' dir='ltr' id='par_1_4' title="bbox 258 3274 1474 3579">
     <span class='ocr_line' id='line_1_26' title="bbox 258 3274 1474 3361; baseline -0.008 -14"><span class='ocrx_word' id='word_1_208' title='bbox 258 3292 278 3354; x_wconf 89' lang='grc'><strong>6</strong></span> <span class='ocrx_word' id='word_1_209' title='bbox 345 3284 433 3347; x_wconf 90' lang='lat' dir='ltr'><strong>Haec</strong></span> <span class='ocrx_word' id='word_1_210' title='bbox 466 3282 606 3361; x_wconf 83' lang='lat' dir='ltr'><strong>dixerim,</strong></span> <span class='ocrx_word' id='word_1_211' title='bbox 644 3283 682 3344; x_wconf 92' lang='lat' dir='ltr'><strong>ut</strong></span> <span class='ocrx_word' id='word_1_212' title='bbox 716 3278 814 3343; x_wconf 89' lang='lat' dir='ltr'><strong>fidem</strong></span> <span class='ocrx_word' id='word_1_213' title='bbox 846 3281 935 3342; x_wconf 90' lang='lat' dir='ltr'><strong>tuam</strong></span> <span class='ocrx_word' id='word_1_214' title='bbox 968 3277 1007 3343; x_wconf 91' lang='lat' dir='ltr'><strong>ad</strong></span> <span class='ocrx_word' id='word_1_215' title='bbox 1040 3295 1177 3341; x_wconf 88' lang='lat' dir='ltr'><strong>amorem</strong></span> <span class='ocrx_word' id='word_1_216' title='bbox 1213 3274 1474 3359; x_wconf 80' lang='lat' dir='ltr'><strong>intellegentiaeu</strong></span> 
     </span>
     <span class='ocr_line' id='line_1_27' title="bbox 302 3381 1438 3471; baseline -0.009 -17"><span class='ocrx_word' id='word_1_217' title='bbox 302 3390 492 3466; x_wconf 87' lang='lat' dir='ltr'><strong>cohortarer,</strong></span> <span class='ocrx_word' id='word_1_218' title='bbox 521 3387 559 3451; x_wconf 91' lang='lat' dir='ltr'><strong>ad</strong></span> <span class='ocrx_word' id='word_1_219' title='bbox 583 3407 678 3471; x_wconf 92' lang='lat' dir='ltr'><strong>quam</strong></span> <span class='ocrx_word' id='word_1_220' title='bbox 702 3385 782 3450; x_wconf 90' lang='lat' dir='ltr'><strong>ratio</strong></span> <span class='ocrx_word' id='word_1_221' title='bbox 807 3405 883 3450; x_wconf 90' lang='lat' dir='ltr'><strong>uera</strong></span> <span class='ocrx_word' id='word_1_222' title='bbox 909 3381 1055 3468; x_wconf 90' lang='lat' dir='ltr'><strong>perducit</strong></span> <span class='ocrx_word' id='word_1_223' title='bbox 1097 3383 1184 3448; x_wconf 89' lang='lat' dir='ltr'><strong>toni</strong></span> <span class='ocrx_word' id='word_1_224' title='bbox 1208 3383 1287 3447; x_wconf 91' lang='lat' dir='ltr'><strong>fides</strong></span> <span class='ocrx_word' id='word_1_225' title='bbox 1311 3383 1438 3446; x_wconf 90' lang='lat' dir='ltr'><strong>animum</strong></span> 
     </span>
     <span class='ocr_line' id='line_1_28' title="bbox 301 3489 1440 3579; baseline -0.009 -20"><span class='ocrx_word' id='word_1_226' title='bbox 301 3498 475 3579; x_wconf 87' lang='lat' dir='ltr'><strong>praeparat.</strong></span> <span class='ocrx_word' id='word_1_227' title='bbox 505 3513 576 3558; x_wconf 89' lang='lat' dir='ltr'><strong>nam</strong></span> <span class='ocrx_word' id='word_1_228' title='bbox 605 3494 671 3572; x_wconf 91' lang='lat' dir='ltr'><strong>illa,</strong></span> <span class='ocrx_word' id='word_1_229' title='bbox 701 3512 781 3577; x_wconf 87' lang='lat' dir='ltr'><strong>quae</strong></span> <span class='ocrx_word' id='word_1_230' title='bbox 809 3491 969 3574; x_wconf 87' lang='lat' dir='ltr'><strong>persuasit</strong></span> <span class='ocrx_word' id='word_1_231' title='bbox 995 3491 1026 3554; x_wconf 91' lang='lat' dir='ltr'><strong>in</strong></span> <span class='ocrx_word' id='word_1_232' title='bbox 1056 3509 1092 3554; x_wconf 87' lang='lat' dir='ltr'><strong>ea</strong></span> <span class='ocrx_word' id='word_1_233' title='bbox 1118 3489 1270 3566; x_wconf 86' lang='lat' dir='ltr'><strong>trinitate,</strong></span> <span class='ocrx_word' id='word_1_234' title='bbox 1300 3492 1440 3570; x_wconf 87' lang='lat' dir='ltr'><strong>quaeest</strong></span> 
     </span>
    </p>
   </div>
   <div class='ocr_carea' id='block_1_3' title="bbox 302 3592 1437 3683">
    <p class='ocr_par' dir='ltr' id='par_1_5' title="bbox 302 3592 1437 3683">
     <span class='ocr_line' id='line_1_29' title="bbox 302 3592 1437 3683; baseline -0.009 -17"><span class='ocrx_word' id='word_1_235' title='bbox 302 3602 390 3679; x_wconf 90' lang='lat' dir='ltr'><strong>deus,</strong></span> <span class='ocrx_word' id='word_1_236' title='bbox 414 3601 517 3666; x_wconf 89' lang='lat' dir='ltr'><strong>filium</strong></span> <span class='ocrx_word' id='word_1_237' title='bbox 539 3600 621 3683; x_wconf 90' lang='lat' dir='ltr'><strong>patri</strong></span> <span class='ocrx_word' id='word_1_238' title='bbox 645 3618 706 3664; x_wconf 92' lang='lat' dir='ltr'><strong>non</strong></span> <span class='ocrx_word' id='word_1_239' title='bbox 730 3618 801 3663; x_wconf 90' lang='lat' dir='ltr'><strong>esse</strong></span> <span class='ocrx_word' id='word_1_240' title='bbox 825 3600 1027 3664; x_wconf 90' lang='lat' dir='ltr'><strong>coaeternum</strong></span> <span class='ocrx_word' id='word_1_241' title='bbox 1051 3595 1105 3676; x_wconf 88' lang='lat' dir='ltr'><strong>uel</strong></span> <span class='ocrx_word' id='word_1_242' title='bbox 1128 3595 1259 3660; x_wconf 90' lang='lat' dir='ltr'><strong>alterius</strong></span> <span class='ocrx_word' id='word_1_243' title='bbox 1284 3613 1352 3659; x_wconf 88' lang='lat' dir='ltr'><strong>osse</strong></span> <span class='ocrx_word' id='word_1_244' title='bbox 1374 3592 1437 3656; x_wconf 90' lang='lat' dir='ltr'><strong>sub-</strong></span> 
     </span>
    </p>
   </div>
   <div class='ocr_carea' id='block_1_4' title="bbox 296 3891 1436 4494">
    <p class='ocr_par' dir='ltr' id='par_1_6' title="bbox 300 3891 1436 4231">
     <span class='ocr_line' id='line_1_30' title="bbox 338 3891 1436 3951; baseline -0.007 -1"><span class='ocrx_word' id='word_1_245' title='bbox 338 3898 476 3951; x_wconf 91' lang='lat' dir='ltr'><strong>lminimi</strong></span> <span class='ocrx_word' id='word_1_246' title='bbox 495 3897 556 3951; x_wconf 81' lang='lat' dir='ltr'><strong>edd.</strong></span> <span class='ocrx_word' id='word_1_247' title='bbox 622 3898 751 3951; x_wconf 82' lang='lat' dir='ltr'><strong>5tuntae</strong></span> <span class='ocrx_word' id='word_1_248' title='bbox 769 3896 830 3950; x_wconf 81' lang='lat' dir='ltr'><strong>edd.</strong></span> <span class='ocrx_word' id='word_1_249' title='bbox 891 3898 1028 3951; x_wconf 82' lang='lat' dir='ltr'><strong>dtamere</strong></span> <span class='ocrx_word' id='word_1_250' title='bbox 1051 3893 1086 3948; x_wconf 79' lang='lat' dir='ltr'><strong>T¹</strong></span> <span class='ocrx_word' id='word_1_251' title='bbox 1143 3893 1265 3947; x_wconf 73' lang='lat' dir='ltr'><strong>tlucem</strong></span> <span class='ocrx_word' id='word_1_252' title='bbox 1284 3891 1312 3945; x_wconf 89' lang='lat' dir='ltr'><em>B</em></span> <span class='ocrx_word' id='word_1_253' title='bbox 1367 3891 1436 3943; x_wconf 77' lang='lat' dir='ltr'><strong>tao·</strong></span> 
     </span>
     <span class='ocr_line' id='line_1_31' title="bbox 301 3978 1436 4052; baseline -0.006 -14"><span class='ocrx_word' id='word_1_254' title='bbox 301 3984 501 4038; x_wconf 82' lang='lat' dir='ltr'><strong>commodamus</strong></span> <span class='ocrx_word' id='word_1_255' title='bbox 521 3985 559 4037; x_wconf 92' lang='lat' dir='ltr'><strong>eis</strong></span> <span class='ocrx_word' id='word_1_256' title='bbox 577 3984 607 4036; x_wconf 93' lang='lat' dir='ltr'><em>P</em></span> <span class='ocrx_word' id='word_1_257' title='bbox 660 3985 689 4037; x_wconf 91' lang='lat'><strong>11</strong></span> <span class='ocrx_word' id='word_1_258' title='bbox 711 3983 841 4047; x_wconf 69' lang='lat' dir='ltr'><strong>leniamus,</strong></span> <span class='ocrx_word' id='word_1_259' title='bbox 861 3987 926 4038; x_wconf 78' lang='lat' dir='ltr'><strong>on‚2</strong></span> <span class='ocrx_word' id='word_1_260' title='bbox 944 3999 1033 4052; x_wconf 77' lang='lat' dir='ltr'><strong>supra</strong></span> <span class='ocrx_word' id='word_1_261' title='bbox 1050 3980 1207 4035; x_wconf 86' lang='lat' dir='ltr'><strong>nolebamus</strong></span> <span class='ocrx_word' id='word_1_262' title='bbox 1221 3981 1249 4033; x_wconf 91' lang='lat' dir='ltr'><em>B</em></span> <span class='ocrx_word' id='word_1_263' title='bbox 1305 3982 1338 4034; x_wconf 82' lang='lat'><strong>17</strong></span> <span class='ocrx_word' id='word_1_264' title='bbox 1357 3978 1436 4048; x_wconf 88' lang='lat' dir='ltr'><strong>cogui-</strong></span> 
     </span>
     <span class='ocr_line' id='line_1_32' title="bbox 300 4067 1436 4139; baseline -0.006 -12"><span class='ocrx_word' id='word_1_265' title='bbox 300 4077 431 4135; x_wconf 66' lang='lat' dir='ltr'><strong>tiouesis</strong></span> <span class='ocrx_word' id='word_1_266' title='bbox 450 4071 556 4139; x_wconf 82' lang='lat' dir='ltr'><strong>eros.?)</strong></span> <span class='ocrx_word' id='word_1_267' title='bbox 578 4073 604 4126; x_wconf 89' lang='lat' dir='ltr'><em>T</em></span> <span class='ocrx_word' id='word_1_268' title='bbox 674 4069 790 4125; x_wconf 84' lang='lat' dir='ltr'><strong>uilescut</strong></span> <span class='ocrx_word' id='word_1_269' title='bbox 812 4073 847 4126; x_wconf 84' lang='grc' dir='ltr'><strong>Τι</strong></span> <span class='ocrx_word' id='word_1_270' title='bbox 898 4073 932 4126; x_wconf 90' lang='lat'><strong>18</strong></span> <span class='ocrx_word' id='word_1_271' title='bbox 950 4073 979 4125; x_wconf 91' lang='lat' dir='ltr'><strong>hi</strong></span> <span class='ocrx_word' id='word_1_272' title='bbox 998 4069 1180 4126; x_wconf 74' lang='lat' dir='ltr'><strong>orruOPTT¹</strong></span> <span class='ocrx_word' id='word_1_273' title='bbox 1200 4070 1261 4123; x_wconf 79' lang='lat' dir='ltr'><strong>edd.</strong></span> <span class='ocrx_word' id='word_1_274' title='bbox 1317 4069 1351 4122; x_wconf 88' lang='grc'><strong>20</strong></span> <span class='ocrx_word' id='word_1_275' title='bbox 1367 4067 1436 4120; x_wconf 88' lang='lat' dir='ltr'><strong>mira·</strong></span> 
     </span>
     <span class='ocr_line' id='line_1_33' title="bbox 301 4153 1435 4231; baseline -0.008 -17"><span class='ocrx_word' id='word_1_276' title='bbox 301 4161 412 4231; x_wconf 89' lang='lat' dir='ltr'><strong>bilibns]</strong></span> <span class='ocrx_word' id='word_1_277' title='bbox 427 4162 565 4215; x_wconf 82' lang='lat' dir='ltr'><strong>miraculis</strong></span> <span class='ocrx_word' id='word_1_278' title='bbox 579 4160 639 4214; x_wconf 72' lang='lat' dir='ltr'><strong>aad.</strong></span> <span class='ocrx_word' id='word_1_279' title='bbox 695 4162 727 4214; x_wconf 96' lang='grc'><strong>21</strong></span> <span class='ocrx_word' id='word_1_280' title='bbox 743 4161 876 4230; x_wconf 84' lang='lat' dir='ltr'><strong>puritate]</strong></span> <span class='ocrx_word' id='word_1_281' title='bbox 893 4161 1043 4214; x_wconf 84' lang='lat' dir='ltr'><strong>caritatem</strong></span> <span class='ocrx_word' id='word_1_282' title='bbox 1094 4159 1128 4212; x_wconf 89' lang='grc'><strong>22</strong></span> <span class='ocrx_word' id='word_1_283' title='bbox 1147 4158 1283 4212; x_wconf 86' lang='lat' dir='ltr'><strong>desistant</strong></span> <span class='ocrx_word' id='word_1_284' title='bbox 1299 4157 1374 4212; x_wconf 87' lang='lat' dir='ltr'><strong>OPT</strong></span> <span class='ocrx_word' id='word_1_285' title='bbox 1385 4153 1435 4210; x_wconf 83' lang='lat' dir='ltr'><strong>cdd.</strong></span> 
     </span>
    </p>

    <p class='ocr_par' dir='ltr' id='par_1_7' title="bbox 296 4243 1436 4494">
     <span class='ocr_line' id='line_1_34' title="bbox 336 4243 1436 4316; baseline -0.008 -13"><span class='ocrx_word' id='word_1_286' title='bbox 336 4249 521 4303; x_wconf 79' lang='lat' dir='ltr'><strong>funambulum</strong></span> <span class='ocrx_word' id='word_1_287' title='bbox 547 4249 662 4303; x_wconf 74' lang='grc' dir='ltr'><strong>ΟΡΤΤΙ</strong></span> <span class='ocrx_word' id='word_1_288' title='bbox 687 4253 768 4316; x_wconf 85' lang='lat' dir='ltr'><strong>(corr.</strong></span> <span class='ocrx_word' id='word_1_289' title='bbox 793 4254 858 4303; x_wconf 83' lang='lat' dir='ltr'><strong>m.1</strong></span> <span class='ocrx_word' id='word_1_290' title='bbox 881 4267 914 4304; x_wconf 70' lang='lat' dir='ltr'><strong>eso</strong></span> <span class='ocrx_word' id='word_1_291' title='bbox 938 4247 1134 4312; x_wconf 87' lang='lat' dir='ltr'><strong>firnambulum)</strong></span> <span class='ocrx_word' id='word_1_292' title='bbox 1161 4246 1236 4312; x_wconf 64' lang='lat' dir='ltr'><strong>aad,</strong></span> <span class='ocrx_word' id='word_1_293' title='bbox 1261 4248 1297 4313; x_wconf 79' lang='lat' dir='ltr'><strong>of.</strong></span> <span class='ocrx_word' id='word_1_294' title='bbox 1323 4247 1389 4314; x_wconf 78' lang='lat' dir='ltr'><strong>Aup.</strong></span> <span class='ocrx_word' id='word_1_295' title='bbox 1411 4243 1436 4294; x_wconf 82' lang='lat' dir='ltr'><strong>io</strong></span> 
     </span>
     <span class='ocr_line' id='line_1_35' title="bbox 296 4331 1435 4408; baseline -0.005 -17"><span class='ocrx_word' id='word_1_296' title='bbox 296 4339 400 4406; x_wconf 72' lang='lat' dir='ltr'><strong>psaltis.</strong></span> <span class='ocrx_word' id='word_1_297' title='bbox 419 4337 565 4403; x_wconf 81' lang='lat' dir='ltr'><strong>XXXIX,</strong></span> <span class='ocrx_word' id='word_1_298' title='bbox 588 4340 605 4390; x_wconf 89' lang='grc'><em>9</em></span> <span class='ocrx_word' id='word_1_299' title='bbox 694 4337 730 4392; x_wconf 82' lang='lat'><strong>23</strong></span> <span class='ocrx_word' id='word_1_300' title='bbox 749 4341 843 4408; x_wconf 90' lang='lat' dir='ltr'><strong>stupet</strong></span> <span class='ocrx_word' id='word_1_301' title='bbox 865 4338 980 4394; x_wconf 75' lang='grc' dir='ltr'><strong>ΟΡΤΤ1</strong></span> <span class='ocrx_word' id='word_1_302' title='bbox 999 4336 1059 4392; x_wconf 78' lang='lat' dir='ltr'><strong>edd.</strong></span> <span class='ocrx_word' id='word_1_303' title='bbox 1151 4337 1185 4389; x_wconf 80' lang='lat'><strong>24</strong></span> <span class='ocrx_word' id='word_1_304' title='bbox 1204 4335 1338 4389; x_wconf 86' lang='lat' dir='ltr'><strong>retinetur</strong></span> <span class='ocrx_word' id='word_1_305' title='bbox 1358 4331 1428 4388; x_wconf 78' lang='lat' dir='ltr'><strong>orl</strong></span> <span class='ocrx_word' id='word_1_306' title='bbox 1429 4331 1435 4362; x_wconf 94' lang='lat'>¹</span> 
     </span>
     <span class='ocr_line' id='line_1_36' title="bbox 300 4421 1343 4494; baseline -0.006 -14"><span class='ocrx_word' id='word_1_307' title='bbox 300 4427 335 4480; x_wconf 90' lang='grc'><strong>26</strong></span> <span class='ocrx_word' id='word_1_308' title='bbox 355 4427 478 4480; x_wconf 85' lang='lat' dir='ltr'><strong>cohorter</strong></span> <span class='ocrx_word' id='word_1_309' title='bbox 496 4425 555 4479; x_wconf 80' lang='lat' dir='ltr'><strong>edd.</strong></span> <span class='ocrx_word' id='word_1_310' title='bbox 612 4425 646 4478; x_wconf 89' lang='grc'><strong>28</strong></span> <span class='ocrx_word' id='word_1_311' title='bbox 660 4431 726 4494; x_wconf 82' lang='lat' dir='ltr'><strong>post</strong></span> <span class='ocrx_word' id='word_1_312' title='bbox 744 4425 828 4479; x_wconf 87' lang='lat' dir='ltr'><strong>lilium</strong></span> <span class='ocrx_word' id='word_1_313' title='bbox 848 4441 906 4480; x_wconf 80' lang='lat' dir='ltr'><strong>rae.</strong></span> <span class='ocrx_word' id='word_1_314' title='bbox 929 4427 947 4479; x_wconf 87' lang='lat'><em>6</em></span> <span class='ocrx_word' id='word_1_315' title='bbox 966 4426 982 4480; x_wconf 84' lang='lat' dir='ltr'><strong>l.</strong></span> <span class='ocrx_word' id='word_1_316' title='bbox 1003 4423 1103 4493; x_wconf 78' lang='lat' dir='ltr'><strong>(juisse</strong></span> <span class='ocrx_word' id='word_1_317' title='bbox 1121 4421 1179 4476; x_wconf 78' lang='lat' dir='ltr'><strong>uid.</strong></span> <span class='ocrx_word' id='word_1_318' title='bbox 1198 4422 1296 4489; x_wconf 86' lang='lat' dir='ltr'><strong>filium)</strong></span> <span class='ocrx_word' id='word_1_319' title='bbox 1315 4421 1343 4474; x_wconf 87' lang='lat' dir='ltr'><em>B</em></span> 
     </span>
    </p>
   </div>
   <div class='ocr_carea' id='block_1_5' title="bbox 0 0 1550 5217">
    <p class='ocr_par' dir='ltr' id='par_1_8' title="bbox 0 0 1550 5217">
     <span class='ocr_line' id='line_1_37' title="bbox 0 0 1550 5217; baseline 0 3"><span class='ocrx_word' id='word_1_320' title='bbox 0 0 1550 5217; x_wconf 95' lang='lat' dir='ltr'><strong> </strong></span> 
     </span>
    </p>
   </div>
  </div>
 </body>
</html>
