3092 5217
479 502 745 573 epistularum
772 502 893 557 xxxvl.
1211 510 1253 571 49

119 716 230 781 quoqne
266 696 439 761 Romanam
474 696 654 773 ecclesiam,
687 696 743 761 ubi
776 701 809 761 et
840 697 890 762 bis
922 698 1185 777 hebdomadibus,
1220 701 1253 764 in

119 806 220 887 quibus
250 807 362 886 quarta
393 806 425 867 et
458 806 546 867 serta
578 806 611 868 et
643 802 775 868 sabbato
807 804 978 882 ieiunatur,
1010 806 1113 871 tribus
1146 808 1252 870 tamen

119 910 262 976 continuis
296 909 418 985 diebus,
448 910 605 974 dominico
635 910 760 976 scilicet
787 930 823 975 ao
848 911 959 975 deinde
983 912 1122 977 secunda
1144 912 1253 977 tertia-

119 1037 169 1100 que
190 1017 367 1101 prandetur.
982 1030 984 1034 ’

50 1126 102 1193 205
154 1122 277 1189 ‘Ouium
296 1124 397 1187 uitam
416 1126 538 1187 certum
553 1126 624 1199 est’,
638 1123 752 1207 inquit,
768 1125 907 1189 ‘arbitrio
925 1126 1058 1208 pendere
1073 1129 1252 1207 pastorum

118 1230 163 1295 sed
188 1248 257 1294 uae
287 1229 350 1311 qui
379 1229 512 1294 dicunt
540 1230 639 1311 quod
665 1230 802 1295 bonum
831 1231 969 1296 malum
1003 1235 1041 1295 et
1072 1232 1252 1296 tenebras

117 1336 228 1401 lucem
257 1338 294 1400 et
321 1336 444 1400 lucem
473 1336 649 1400 tenebras
680 1339 718 1401 et
745 1356 909 1401 amarum
938 1338 1048 1403 dulce
1077 1340 1114 1401 st
1143 1337 1250 1401 dulce

118 1450 290 1507 amarum'.
324 1443 400 1526 quid
428 1442 492 1507 sibi
520 1443 622 1507 uelint
649 1443 725 1508 baec
749 1444 847 1508 uerba
871 1444 949 1520 eius,
973 1463 1034 1509 non
1059 1445 1138 1509 satis
1161 1444 1252 1508 intel-

116 1550 186 1635 lego.
219 1550 247 1615 si
276 1550 359 1614 enim
387 1549 465 1614 haec
494 1554 527 1613 to
556 1550 680 1628 scribis,
709 1551 796 1615 siout
828 1550 957 1615 urbicus
991 1550 1077 1623 dicit,
1109 1551 1141 1615 in
1175 1552 1253 1614 urbe
1310 1633 1314 1640 ι

83 1686 102 1724 o
118 1658 196 1740 plebs
222 1658 362 1741 pendens
391 1676 426 1721 ex
454 1658 591 1740 pastoris
621 1657 750 1723 arbitrio
780 1676 852 1723 cum
876 1656 1025 1739 episcopo
1050 1676 1108 1721 sno
1131 1657 1253 1725 ieiunat
1305 1650 1335 1698 ’-

117 1764 252 1839 sabbaim
277 1764 304 1827 si
331 1768 436 1829 autem
463 1764 502 1827 ad
525 1768 557 1827 te
581 1764 644 1829 ista
668 1764 806 1847 scripsit,
832 1764 906 1846 quia
928 1764 959 1827 in
983 1764 1122 1846 epistula
1144 1768 1200 1828 tua
1223 1767 1255 1828 et

118 1871 177 1954 ipse
198 1870 348 1954 quiddam
371 1871 434 1935 tale
459 1870 576 1948 dixisti,
601 1890 661 1937 non
685 1871 745 1935 tibi
767 1872 959 1953 persuadeat
982 1871 1092 1935 urbem
1122 1870 1255 1936 Christi-

119 1996 198 2041 anam
221 1977 268 2042 sic
291 1977 419 2042 laudare
444 1977 577 2043 sabbato
601 1978 808 2055 ieiunantem,
832 1983 870 2041 ut
892 1978 1014 2063 cogaris
1039 1978 1147 2041 orbem
1167 1976 1255 2041 Chri-

119 2083 243 2148 stiannm
272 2084 420 2149 damnare
448 2084 663 2165 prandentem.
707 2104 778 2149 cum
817 2084 901 2149 enim
938 2084 1031 2148 dioit:
1064 2083 1149 2148 ‘Vae
1191 2085 1253 2165 qui

80 2190 236 2256 redinunt
275 2191 373 2273 quod
413 2190 550 2255 bonum
588 2191 727 2255 mal-um
768 2193 805 2255 et
843 2191 1018 2255 tenebras
1054 2191 1178 2255 lucem
1218 2196 1255 2255 et

117 2297 227 2362 lucem
255 2299 431 2363 tenebras
462 2300 499 2361 et
530 2316 691 2362 amarum
721 2298 831 2363 dulce
864 2301 901 2362 et
933 2297 1041 2362 dulce
1079 2310 1255 2362 amarum’

117 2402 257 2468 ieiunium
287 2404 412 2469 sabbati
438 2405 550 2469 uolens
577 2404 723 2489 intellegi
750 2405 869 2469 bonum
898 2407 930 2469 et
956 2405 1062 2469 lucem
1090 2407 1122 2468 et
1150 2404 1253 2482 dulce,

119 2510 272 2591 prandium
303 2529 380 2575 noro
418 2513 539 2576 malum
573 2514 605 2575 et
637 2510 783 2575 tenebras
815 2513 848 2574 et
879 2530 1031 2589 amarum,
1070 2511 1141 2593 quis
1179 2530 1253 2575 eum

120 2616 232 2681 dubitet
245 2617 275 2682 in
292 2618 439 2683 omnibus
460 2618 650 2684 Christianis
671 2618 803 2683 sabbato
823 2618 1049 2701 prandentibus
1068 2618 1254 2683 uniuersum

80 2752 104 2787 eo
121 2723 216 2787 orbem
242 2724 389 2790 damnare
418 2729 594 2791 terrarum?
622 2744 679 2790 nec
709 2744 742 2789 se
771 2724 840 2809 ipse
872 2725 1004 2808 respicit
1035 2744 1102 2802 nso,
1137 2725 1252 2807 quibus

122 2829 206 2907 dicat,
228 2831 379 2908 adtendit,
403 2836 440 2897 nt
463 2832 591 2915 scriptia
621 2834 688 2897 suis
718 2832 756 2897 ab
784 2833 849 2897 ista
874 2832 1042 2915 praecipiti
1070 2833 1256 2897 cohibeatur

123 2937 248 3003 andacia.
281 2940 429 3005 continuo
454 2940 571 3023 quippe
595 2940 772 3005 subiunxit:
798 2939 922 3004 ‘Nemo
948 2959 1034 3025 ergo
1063 2958 1130 3005 uos
1158 2939 1253 3003 iudi·

122 3045 175 3106 cet
190 3044 223 3108 in
242 3064 326 3110 esca
350 3050 414 3111 aut
432 3046 468 3111 in
487 3049 601 3129 potu',
621 3046 706 3129 quod
724 3047 794 3130 ipse
812 3047 922 3129 utique
940 3047 1028 3126 facit,
1048 3045 1103 3129 qui
1121 3044 1253 3110 sabbato

200 3288 214 3341 0
232 3287 274 3342 Es.
293 3290 319 3354 5,
338 3288 373 3344 20
427 3288 462 3343 22
482 3287 539 3343 Col.
559 3290 584 3353 2,
607 3289 638 3343 16

155 3428 209 3481 lin
226 3430 320 3498 quibus
340 3430 439 3485 om.T
499 3432 642 3501 2qnarta}
664 3434 766 3501 quanta
784 3429 824 3484 P¹
841 3431 936 3500 quinta
957 3430 983 3483 T
1034 3430 1166 3484 3diebns
1187 3447 1251 3484 con-

122 3514 196 3570 tinuis
213 3518 352 3573 P¹P²P³T
369 3520 429 3574 edd.
484 3520 629 3589 terciaqp-
649 3520 755 3589 (fuitne
772 3519 843 3585 nel)
867 3520 937 3573 Tet
954 3518 1037 3571 tertia
1056 3518 1117 3574 edd.
1162 3520 1252 3574 5uita

124 3603 157 3657 Ρ1
219 3608 354 3661 arbitrium
373 3608 492 3679 pandere
512 3607 550 3663 1³²
617 3608 819 3678 dintellagam,
839 3625 907 3662 corr.
926 3607 1057 3677 intellego
1077 3608 1116 3660 122
1184 3609 1251 3661 9tu

123 3692 216 3763 scabis]
234 3702 264 3750 nt
280 3698 375 3751 scribis
394 3696 569 3751 HPP¹P²P³
581 3700 604 3767 f
611 3698 679 3751 lrm
698 3698 787 3761 scribi,
808 3697 873 3752 add.
887 3714 921 3749 m.
936 3703 969 3749 ut
979 3696 1038 3750 uid.
1053 3702 1094 3750 lt
1116 3696 1141 3749 Τ
1157 3696 1252 3750 scribis

126 3796 172 3840 oc:
188 3787 325 3841 anmdaur'
341 3791 373 3840 tn
393 3786 487 3841 scribis
560 3787 641 3855 sicut]
662 3786 701 3840 sio
719 3802 745 3840 m
802 3788 832 3840 ll
853 3786 877 3839 si
897 3787 998 3855 autem]
1018 3786 1042 3839 si
1063 3789 1153 3838 autern
1173 3784 1196 3837 si
1215 3784 1253 3837 ΡΞ

126 3871 241 3927 stantem
259 3875 296 3929 sic
319 3876 345 3929 Τ
360 3876 454 3943 [ονοι
526 3874 622 3929 scribsi
641 3872 680 3927 P²
757 3876 791 3928 12
810 3874 920 3944 quidam
939 3872 979 3926 P²
1052 3874 1111 3926 sisti
1131 3872 1170 3926 P²
1188 3874 1253 3926 sori-

126 3960 192 4027 psisti
208 3964 244 4015 Ρ3
260 3964 319 4019 cdd.
392 3964 539 4035 persuadet
556 3962 596 4017 P²
679 3964 712 4017 13
732 3964 822 4017 orbern
843 3967 871 4029 (o
891 3980 924 4017 ec
944 3978 1019 4029 corr;
1030 3962 1126 4030 fuitne
1145 3979 1163 4015 n
1182 3961 1207 4029 ,9)
1230 3962 1256 4014 Τ

128 4049 292 4108 laetiorem
311 4054 359 4115 bob,
381 4054 499 4108 alterum
518 4054 569 4109 dcl.
590 4052 628 4106 Ρ3
715 4054 747 4107 17
766 4054 865 4106 uolunt
885 4052 913 4105 P
997 4052 1030 4106 18
1049 4050 1196 4104 terebrans
1214 4048 1254 4103 1²²

156 4150 236 4195 amam
263 4146 290 4207 (u
318 4158 351 4197 erc
380 4160 396 4196 a
422 4144 539 4209 factum)
568 4140 608 4195 1²²
634 4142 730 4205 lucem,
753 4142 803 4195 sed
834 4158 893 4210 exp.
919 4146 945 4195 ct
970 4140 1002 4193 in
1029 4156 1116 4209 marq.
1145 4138 1252 4209 (m.1?)

125 4232 273 4285 unamml'
325 4232 358 4285 19
378 4230 488 4285 dubitat
506 4230 566 4287 edd.
630 4232 665 4285 20
684 4248 734 4285 neo
753 4231 862 4300 quibus]
883 4246 932 4283 nec
951 4229 998 4299 qui
1016 4227 1055 4282 P²
1073 4244 1124 4281 nec
1143 4228 1207 4296 quid
1231 4228 1257 4282 T

127 4314 183 4370 lm
199 4336 229 4373 ne
246 4320 311 4391 qnid
329 4321 367 4374 P¹
422 4321 454 4374 21
477 4321 607 4390 scripsitis
628 4320 718 4389 (sici),
738 4336 806 4374 corr.
826 4319 936 4373 scribtis
954 4316 993 4371 P²
1048 4319 1083 4372 22
1103 4315 1253 4385 subiungit,
1339 4326 1343 4335 ’

125 4420 183 4463 corr.
200 4416 254 4463 uti
270 4410 410 4465 subiunxit
433 4408 458 4462 T

147 4530 251 4585 mliii,
263 4534 321 4585 Aac.
331 4540 389 4577 rect.
400 4536 423 4575 11
437 4544 489 4585 pars
500 4536 519 4577 2.
1202 4513 1220 4566 4
