3092 5217
281 523 346 586 510
642 519 669 572 S.
697 518 837 574 Aureli
863 518 1082 590 Augustini

281 713 312 778 in
337 731 456 792 eorum,
487 713 541 795 qui
569 712 655 778 intus
681 716 764 790 sunt,
794 731 937 778 sermone
961 714 1014 778 uel
1038 714 1165 797 scriptis
1182 763 1363 780 ........
1376 735 1431 798 pu·

281 823 451 903 tantosque
470 819 557 886 idad
575 820 728 885 fraternae
744 819 886 886 1111111111
904 819 1084 886 libertatem
1103 822 1259 905 pertinere
1278 820 1430 886 iudicium

280 931 426 993 nostrum
450 947 511 994 non
535 928 733 993 occultamus
759 931 792 993 et
817 927 879 993 hoc
901 947 963 993 non
989 928 1205 994 beniuolentia
1232 928 1291 994 sed
1313 928 1432 993 inuidia

280 1034 383 1099 facere
412 1033 579 1112 credimur,
609 1036 762 1117 quantum
790 1035 941 1117 peccatur
961 1033 995 1099 in
1023 1037 1094 1100 nos!
1125 1038 1158 1100 11
1184 1054 1257 1100 cum
1286 1035 1433 1099 simililer

281 1159 347 1219 eos,
371 1141 426 1224 qui
450 1144 574 1207 nostras
599 1141 772 1207 sententias
797 1141 1040 1223 reprehendunt,
1062 1141 1188 1207 laedere
1213 1142 1325 1225 potius
1349 1142 1432 1206 uelle
1457 1167 1467 1205 s

281 1267 377 1330 quam
415 1249 571 1334 corrigere
613 1248 823 1332 suspicamur,
864 1253 1018 1334 quantum
1058 1267 1229 1331 peccamus
1265 1248 1300 1312 in
1339 1249 1430 1314 alios!

282 1359 365 1422 certe
401 1355 475 1420 hinc
508 1357 646 1421 existunt
683 1354 869 1421 inimicitiae
909 1357 1097 1439 plerumque
1139 1356 1234 1421 etiam
1268 1356 1354 1421 inter
1386 1374 1433 1421 ca·

280 1463 422 1528 rissimas
463 1461 791 1546 familiarissimasque
827 1481 988 1546 personas,
1025 1462 1113 1540 dum,
1154 1481 1275 1546 supra
1318 1481 1432 1546 quam

282 1570 480 1653 scriptum
516 1573 588 1648 est,
621 1587 724 1636 unus
756 1589 826 1651 pro
860 1569 990 1634 altero
1023 1569 1201 1635 inflatur
1232 1567 1431 1634 aduersus

281 1676 466 1755 alterum,
495 1679 537 1754 11,
566 1673 643 1740 dum
665 1676 812 1742 mordent
835 1680 867 1741 et
890 1675 1060 1741 comedunt
1080 1675 1230 1754 inuicem,
1252 1675 1432 1741 timendum
1449 1701 1469 1739 11

282 1788 341 1862 est,
374 1803 414 1849 ne
447 1787 673 1849 consumantur
704 1783 743 1847 ab
775 1781 924 1848 inuicem.
958 1783 1048 1866 quis
1083 1801 1158 1868 ergo
1187 1783 1302 1848 dabit
1334 1783 1432 1847 milri

280 1908 430 1974 pennas
459 1889 570 1955 sicut
594 1889 817 1968 columbae,
846 1894 885 1954 11
912 1890 1059 1955 uolabo
1084 1894 1124 1955 et
1150 1891 1431 1972 requiescam?

281 1997 351 2062 sine
374 1997 458 2063 enim
482 1998 558 2080 quia
579 1997 732 2080 pericula,
755 1997 789 2062 in
809 1997 925 2081 quibus
944 1998 1081 2082 quisque
1104 2000 1260 2074 uersatur,
1285 1997 1432 2081 grauiora

281 2106 357 2168 sunt
389 2123 484 2186 quam
520 2104 681 2186 inexperta
713 2104 783 2170 siue
817 2105 892 2187 quia
922 2123 955 2169 re
986 2123 1063 2169 uera
1094 2103 1141 2169 ita
1173 2107 1232 2180 est,
1270 2103 1432 2186 quaelibet

280 2209 527 2294 pusillanimitas
542 2213 780 2294 tempestasque
795 2210 912 2276 deserti
925 2210 1031 2275 minus
1050 2209 1131 2274 milri
1148 2210 1278 2275 uidetur
1296 2211 1433 2275 molesta
1449 2235 1470 2274 11

280 2337 376 2399 qnam
399 2335 446 2392 ea,
472 2335 551 2400 quae
574 2318 628 2383 uel
650 2318 791 2400 patimur
813 2317 866 2381 uel
889 2317 1040 2383 timemus
1063 2317 1096 2381 in
1118 2317 1231 2383 turbis.

236 2417 256 2480 5
324 2423 461 2489 Proinde
489 2423 626 2488 multum
655 2422 794 2506 adprobo
822 2423 1009 2488 sententiam
1037 2426 1128 2488 tuam
1155 2422 1193 2488 de
1218 2423 1316 2488 huius
1345 2425 1430 2488 uitae

281 2532 367 2596 statu
386 2548 457 2595 esse
481 2529 635 2616 agendum
659 2530 713 2594 uel
734 2529 843 2614 potius
866 2548 962 2594 cursu
987 2548 1080 2612 quam
1105 2533 1202 2596 statu.
1226 2529 1308 2596 addo
1332 2529 1430 2607 aliud,

281 2637 356 2720 quis
377 2637 465 2721 prius
493 2636 553 2702 hoc
577 2634 800 2719 requirendum
825 2641 921 2720 atque
948 2635 1121 2702 tenendum
1144 2639 1194 2702 est
1217 2656 1313 2719 quarn
1342 2637 1432 2705 illud.

280 2745 373 2827 quale
396 2743 612 2822 11111111111111,
637 2762 698 2827 quo
722 2744 784 2808 iste
808 2743 869 2808 lert
887 2761 1011 2808 cursus.
1034 2743 1107 2808 inde
1131 2763 1205 2828 ergo
1229 2743 1432 2827 interrogaui,
1449 2769 1471 2808 11

281 2849 358 2933 quid
382 2850 511 2929 sentias,
541 2851 633 2934 quasi
656 2850 694 2914 de
722 2849 818 2915 huius
842 2851 928 2915 uitae
951 2855 1036 2915 recta
1058 2851 1171 2935 regula
1192 2854 1317 2914 retenta
1340 2855 1433 2931 atque

280 2959 408 3022 seruata
434 2957 497 3020 iam
526 2957 761 3033 securissimus,
790 2975 865 3021 cum
887 2955 919 3019 in
941 2960 1008 3021 tam
1035 2956 1146 3021 multis
1173 2955 1375 3039 maximeque
1402 2958 1432 3021 in

280 3063 342 3141 his,
372 3081 452 3146 quae
484 3062 634 3141 breuiter,
666 3065 704 3127 ut
735 3063 837 3145 potui,
870 3063 1126 3141 commemoraui,
1159 3063 1432 3147 periculosissime

279 3169 422 3234 laborare
458 3187 509 3234 me
547 3169 693 3234 sentiam.
731 3169 788 3235 sed
819 3169 894 3252 quia
929 3169 1031 3235 omnis
1069 3169 1147 3235 haee
1183 3171 1365 3255 ignorantia
1403 3175 1432 3234 et

281 3277 452 3341 difficultas
475 3277 549 3341 hinc
573 3275 652 3340 milri
670 3275 801 3341 uidetur
819 3276 962 3354 existere,
986 3275 1070 3360 quod
1093 3276 1125 3340 in
1143 3295 1260 3360 magna
1278 3278 1472 3343 uarietates

280 3402 404 3448 morum
434 3387 466 3448 et
493 3383 669 3449 animorum
698 3387 730 3447 et
757 3384 840 3448 inter
863 3383 1096 3448 occultissimas
1123 3383 1310 3449 uoluntates
1339 3389 1432 3466 atque

279 3489 479 3556 infirmitates
508 3489 672 3556 hominum
700 3509 766 3554 rem
799 3490 909 3574 populi
937 3491 1077 3575 gerimus
1105 3509 1167 3555 non
1193 3490 1311 3555 terreni
1338 3495 1431 3572 atque

279 3597 413 3662 Romani
441 3597 496 3661 aed
519 3596 801 3682 Hierosolymitani
829 3597 986 3674 caelestis,
1014 3597 1117 3681 magis
1140 3615 1191 3662 me
1218 3597 1316 3662 libuit
1344 3598 1432 3678 loqui

279 3709 386 3770 tecum
419 3725 455 3770 ex
486 3705 554 3784 illo,
591 3704 676 3788 quod
709 3705 838 3782 erimus,
876 3723 971 3786 quam
1004 3723 1040 3769 111
1071 3704 1146 3781 isto,
1183 3702 1269 3786 quod
1301 3721 1430 3779 sumus3

370 3947 386 4002 8
406 3949 419 4002 1
438 3947 500 4003 Cor.
518 3950 544 4012 4,
564 3949 580 4004 6
637 3949 669 4002 10
689 3947 749 4004 Gal.
770 3949 796 4016 5,
816 3951 849 4003 15
906 3949 937 4002 11
957 3947 1002 4001 Ps.
1023 3949 1066 4011 54,
1087 3949 1102 4000 7

318 4073 330 4125 l
352 4071 484 4126 lacunam
501 4073 661 4142 significaret
729 4075 744 4127 l
767 4073 901 4127 credimus
919 4073 981 4126 Pm
1000 4072 1108 4143 (Miqee
1127 4071 1270 4132 credimur)
1339 4075 1356 4126 'i
1376 4073 1429 4138 hic,

281 4176 348 4214 corr.
368 4161 511 4216 m.1hinc
530 4161 557 4215 P
624 4163 768 4216 9inlletur
787 4163 812 4215 P
880 4165 911 4216 ll
932 4162 1199 4216 consummantan
1260 4161 1432 4218 2011111Ρ

281 4251 313 4303 21
340 4249 372 4304 de
397 4267 447 4306 om.
472 4251 528 4304 PU
549 4251 607 4306 edd.
699 4252 943 4308 221111111111111
967 4251 1024 4305 Vis
1038 4251 1098 4304 edd.
1190 4251 1430 4321 aequaevas>

278 4339 484 4394 reanimarem
508 4341 563 4394 l'U
579 4341 638 4396 edd.
749 4345 777 4394 et
799 4342 871 4395 inter
893 4357 944 4395 om.
969 4339 1025 4394 l'U
1044 4339 1105 4396 edd.
1221 4343 1237 4399 {r
1274 4341 1427 4394 altissimas

282 4431 368 4496 (2-3
387 4429 404 4482 1.
424 4431 454 4482 111
468 4429 551 4484 initio
565 4447 596 4499 p.
616 4430 845 4497 111111111111111Ρ
892 4431 927 4484 27
945 4429 1096 4499 hominnm]
1116 4429 1276 4483 habentium
1296 4427 1426 4482 111111.
