3092 5217
268 478 332 541 712
629 473 654 526 S.
683 473 818 528 Aureli
845 473 1063 544 Augustini

269 670 331 730 est
368 669 407 730 ct
443 667 675 730 resurrexit
710 686 781 732 nec
818 667 896 732 iam
933 669 1132 734 morietur
1165 673 1202 733 et
1238 689 1343 734 mors
1382 671 1418 733 ei

268 772 379 836 ultra
401 791 476 837 uon
500 772 790 838 dominabitur.
816 793 852 838 ea
872 793 957 853 uero,
982 794 1063 857 quae
1087 775 1226 841 nondum
1251 779 1336 854 sunt,
1361 777 1418 841 scd

267 879 377 943 futura
399 883 474 944 sunt
497 879 583 943 sicut
605 884 787 946 nostrorum
811 881 1001 964 spiritalium
1027 901 1191 965 corporum
1217 884 1417 955 resurrectio,

268 986 313 1049 ita
337 986 517 1063 creduntur,
545 991 582 1050 ut
606 987 702 1052 etiam
724 989 862 1052 uidcuda
887 993 1066 1072 sperentur,
1095 989 1151 1054 sed
1176 990 1300 1054 ostendi
1322 990 1418 1054 modo

268 1091 355 1156 nullo
374 1095 510 1174 possunt
527 1093 631 1158 modo.
657 1114 737 1176 quae
756 1113 832 1160 uero
857 1095 903 1158 ita
926 1099 1009 1174 sunt,
1034 1100 1070 1160 ut
1094 1115 1196 1178 neque
1220 1101 1418 1180 praetereant
1446 1120 1457 1158 s

269 1217 370 1282 neque
398 1199 506 1263 futura
529 1201 603 1276 sint,
633 1201 688 1265 sed
711 1204 839 1266 aeterna
861 1207 1072 1284 permaneant,
1100 1204 1215 1286 partim
1240 1207 1316 1268 sunt
1337 1203 1419 1268 inui-

270 1305 376 1371 sibilia
408 1306 493 1370 sicut
523 1306 657 1382 iustitia,
696 1308 781 1372 sicut
813 1309 978 1392 sapientia,
1011 1310 1126 1391 partim
1158 1309 1300 1374 risibilia
1333 1310 1419 1374 sicut

271 1410 389 1476 Christi
412 1412 578 1478 inmortale
601 1413 664 1477 iam
688 1433 813 1497 corpus
849 1413 905 1479 sed
933 1415 1174 1481 inuisibilia
1196 1416 1417 1481 intellecta

271 1518 587 1601 conspiciuntur·
611 1538 646 1584 ac
670 1539 726 1602 per
748 1521 809 1586 hoc
834 1525 866 1585 et
888 1522 958 1605 ipsa
981 1522 1074 1588 modo
1100 1523 1323 1605 quodam-sibi
1347 1542 1418 1588 con·

269 1645 347 1709 gruo
381 1626 530 1690 uidentur
557 1630 598 1705 et,
628 1645 701 1692 cum
733 1628 890 1706 uidentur,
923 1629 1025 1694 multo
1054 1630 1186 1694 certiora
1217 1633 1293 1694 sunt
1320 1647 1415 1710 quam
1436 1655 1457 1694 ro

270 1753 316 1808 ea,
336 1752 415 1815 quae
435 1733 574 1816 corporis
594 1753 706 1798 sensus
726 1735 878 1818 adtingit;
899 1736 954 1800 sed
973 1735 1044 1800 ideo
1064 1735 1214 1800 dicuntur
1231 1735 1417 1800 inuisibilia.

270 1840 345 1921 quia
372 1839 474 1904 oculis
503 1841 575 1904 istis
603 1841 791 1905 mortalibus
826 1842 925 1906 uideri
954 1842 1078 1907 omniuo
1112 1861 1174 1906 non
1205 1847 1353 1925 possunt.
1386 1847 1417 1906 at

270 1946 335 2025 illa,
361 1967 441 2029 quac
464 1947 607 2012 nisibilio
630 1951 705 2012 suut
727 1949 950 2030 permanentia,
979 1952 1124 2032 possunt,
1150 1950 1176 2013 si
1200 1949 1416 2014 ostendantur.

271 2053 365 2117 etiam
408 2054 458 2118 his
495 2055 684 2119 mortalibus
722 2054 823 2118 oculis
860 2056 1011 2138 conspici,
1054 2057 1139 2121 sicut
1179 2075 1212 2120 se
1251 2055 1416 2138 discipulis

269 2163 344 2242 post
366 2161 627 2224 resurrectionem
649 2160 796 2224 dominus
818 2159 965 2237 ostendit,
991 2161 1076 2226 sicut
1094 2161 1189 2226 etiam
1213 2167 1290 2244 post
1311 2181 1416 2226 asceu-
1433 2186 1455 2224 rs

271 2267 391 2331 sionem
415 2267 560 2348 apostolo
583 2268 683 2332 Paulo
708 2272 740 2333 ct
762 2268 892 2333 diacono
918 2268 1088 2350 Stephano.

221 2372 260 2433 10
314 2373 450 2438 Proinde
477 2373 541 2437 ista
568 2374 709 2438 nisibilio
736 2376 951 2458 permanentia
978 2377 1023 2439 ita
1052 2375 1220 2455 credimus,
1249 2379 1297 2451 ut,
1321 2375 1413 2438 etiam

272 2480 300 2544 si
330 2499 391 2544 non
420 2480 682 2558 demonstrentur,
716 2500 881 2563 speremus
910 2501 946 2546 eu
978 2500 1036 2546 nos
1069 2482 1257 2565 quaudoque
1291 2481 1412 2546 uisuros

272 2606 328 2650 nec
356 2607 393 2651 ea
416 2606 564 2652 conemur
590 2590 710 2654 ratione
738 2589 966 2670 intellectuque
990 2589 1265 2670 comprehendere,
1293 2589 1355 2652 nisi
1380 2592 1415 2651 ut

273 2712 319 2769 ea,
343 2693 418 2775 quia
440 2695 582 2759 nisibilia
609 2702 694 2771 suut,
718 2695 756 2758 ab
781 2695 998 2761 inuisibilibus
1023 2695 1205 2760 distinctius
1229 2695 1413 2778 cogitemus,
1430 2717 1454 2755 ro

273 2805 314 2877 et,
347 2819 420 2864 cum
453 2800 655 2884 cogitatione,
690 2801 796 2882 qualia
828 2801 902 2880 sint,
939 2801 1158 2885 imaginamur,
1196 2801 1275 2865 satis
1309 2801 1414 2882 utique

273 2909 422 2973 nouimus
450 2927 487 2972 ea
514 2908 605 2973 nobis
633 2911 709 2973 nota
735 2928 796 2972 non
826 2927 906 2974 esse.
935 2927 1006 2972 nam
1032 2912 1064 2973 et
1086 2906 1288 2972 Antiochiam
1313 2905 1413 2989 cogito

272 3015 465 3100 incognitam
489 3015 625 3080 sednon
649 3016 735 3080 sicut
753 3014 977 3098 Carthaginem
996 3015 1171 3098 cognitam;
1195 3013 1283 3078 illam
1304 3011 1414 3094 quippe

273 3121 429 3186 ulcionem
449 3121 601 3205 cogitatio
625 3141 695 3185 mea
718 3121 821 3204 fingit,
846 3121 926 3184 hanc
945 3120 1071 3196 recolit3
1095 3137 1295 3202 nequaquam
1313 3121 1413 3182 tamen

274 3227 396 3305 dubito,
425 3227 494 3290 siue
523 3226 607 3308 quod
636 3226 674 3291 de
700 3226 756 3290 illa
784 3226 921 3290 testibus
951 3225 1061 3290 multis
1091 3225 1160 3289 siue
1184 3222 1268 3305 quod
1292 3222 1330 3286 de
1355 3222 1413 3285 ista
1432 3251 1454 3286 s

273 3333 353 3397 meis
377 3332 557 3416 aspectibus
578 3333 707 3397 credidi.
731 3332 887 3395 iustitiam
912 3348 987 3396 uero
1013 3335 1046 3395 et
1068 3331 1257 3413 sapientiam
1281 3333 1312 3392 et
1333 3327 1414 3409 quir·

274 3439 350 3522 quid
373 3439 442 3504 eius
470 3439 555 3504 modi
580 3442 630 3504 est
656 3459 717 3503 non
741 3439 833 3502 aliter
860 3438 1080 3522 imaginamur,
1108 3438 1201 3501 aliter
1222 3441 1413 3510 contuemur,

363 3649 379 3702 8
398 3648 474 3701 Rom.
496 3649 520 3712 1,
539 3649 573 3702 20
630 3648 663 3701 14
681 3647 779 3701 Matth.
799 3647 842 3713 28,
862 3647 962 3708 9-10;
982 3647 1065 3700 Marc.
1087 3647 1128 3712 16,
1147 3645 1230 3710 5-7;
1250 3646 1279 3705 9;
1301 3643 1413 3698 12-14;

273 3738 337 3791 Luc.
357 3737 399 3800 24,
419 3739 502 3801 4-7;
524 3738 569 3801 15;
589 3737 715 3801 36;10n.
735 3738 778 3803 20,
801 3738 845 3800 14;
867 3737 912 3800 19;
933 3737 980 3798 26;
1001 3736 1043 3797 21,
1065 3735 1077 3788 1
1159 3737 1191 3788 15
1211 3735 1272 3788 Act.
1292 3735 1316 3796 9,
1334 3733 1412 3787 3—s;

275 3828 300 3891 7,
321 3830 354 3881 55

312 3944 324 3994 l
345 3942 460 3995 moritur
477 3941 504 3995 P
521 3941 582 3994 edd.
600 3942 724 4010 Eupc'ppi
742 3941 800 3996 cod.
824 3941 887 3994 Vct.
907 3955 956 3994 ecc.
975 3955 1047 3994 sacr.
1068 3937 1120 3994 litt.
1187 3938 1220 3990 12
1239 3935 1314 3989 ἰεῐιὶε
1333 3936 1384 4003 (pr.
1403 3935 1410 3984 i

274 4032 306 4084 in
323 4035 392 4096 ros.)
412 4031 438 4083 B
510 4031 550 4099 at]
571 4034 619 4084 aut
635 4029 691 4082 ΒΤ
708 4034 739 4082 ut
762 4030 796 4082 T¹
863 4028 1044 4084 ramsteins
1061 4027 1088 4079 B
1154 4026 1186 4080 16
1207 4025 1341 4094 Stephano
1359 4021 1413 4074 dia·

276 4137 342 4174 cono
361 4119 421 4174 edd.
492 4120 524 4172 18
544 4119 794 4173 demonstrarentur
815 4118 839 4172 0
903 4120 935 4172 19
954 4117 1060 4170 ratione
1079 4114 1123 4168 uel
1142 4113 1285 4167 intellectu
1307 4110 1410 4166 OPTru

275 4209 416 4262 intellectu
435 4209 594 4276 rationeque
615 4208 639 4260 T
641 4209 649 4241 ¹
722 4211 753 4260 ut
771 4225 822 4262 om.
846 4205 869 4261 0
953 4207 988 4260 20
1008 4207 1071 4274 quia
1090 4201 1220 4271 nisibilia]
1241 4217 1308 4270 quae
1325 4198 1412 4253 inuisi·

275 4297 343 4350 bilia
365 4298 418 4352 OT
468 4299 502 4350 22
523 4298 656 4367 cogitaB
703 4299 737 4351 23
756 4295 1032 4351 illamom.BPTT1
1082 4295 1116 4348 26
1137 4291 1254 4347 credidit
1273 4288 1413 4358 (terp.)P

276 4387 309 4441 27
330 4385 478 4440 eiusmodi·
492 4393 533 4440 est
554 4387 578 4436 R
650 4385 806 4455 imaginam’
827 4391 871 4451 (=
891 4386 1080 4454 imaginemus)
1105 4381 1128 4436 Ο
