3092 5217
304 496 368 559 378
664 494 689 546 S.
719 494 857 548 Aureli
885 494 1102 564 Augustini

251 684 293 744 211
349 684 441 764 Quod
473 689 579 750 aretem
613 686 675 750 diri
709 706 782 751 eum
809 688 929 751 facturn
957 687 1084 751 Iudaeis
1113 690 1275 768 tamquam
1298 688 1433 753 Iudaeum

304 798 336 855 et
367 796 530 875 tamquam
567 793 719 876 gentilem
756 792 930 876 gentilibus
966 812 1027 858 non
1066 792 1248 859 mentientis
1285 796 1353 859 astu
1386 796 1433 861 sed

304 900 526 981 compatientis
559 899 686 977 affectu,
718 920 813 982 quem
846 900 885 965 ad
913 899 1043 965 modum
1073 899 1214 977 dixerim,
1238 920 1346 985 parum
1367 902 1433 965 mibi

304 1006 394 1071 uisus
423 1026 458 1069 es
486 1005 677 1084 adtendisse,
706 1007 804 1071 immo
833 1026 891 1090 ego
920 1007 1055 1073 fortasse
1078 1028 1139 1072 non
1164 1009 1242 1073 satis
1266 1007 1325 1073 boc
1347 1009 1434 1091 expla-

304 1132 376 1177 nare
399 1113 567 1196 potuerim.
592 1132 693 1195 neque
717 1114 800 1178 enim
824 1114 884 1179 hoc
908 1112 978 1177 ideo
1003 1112 1076 1191 dixi,
1101 1114 1185 1195 quod
1208 1114 1437 1179 misericorditer
1462 1141 1472 1179 s

303 1218 360 1283 illa
383 1220 593 1297 simulauen't,
618 1218 674 1285 sed
698 1220 772 1303 quia
796 1220 841 1283 sic
866 1238 903 1284 ea
925 1239 985 1284 non
1010 1220 1185 1297 simulauit,
1211 1238 1290 1301 quae
1318 1220 1438 1284 faciebat

305 1325 424 1389 similia
458 1326 595 1400 ludaeis,
634 1346 727 1409 quern
764 1326 804 1391 ad
840 1326 970 1391 modum
1008 1345 1064 1391 nec
1103 1327 1167 1403 illa,
1205 1346 1284 1409 quae
1317 1326 1438 1391 faciebat

306 1432 424 1497 similia
450 1433 609 1515 gentibus,
639 1452 719 1515 quae
747 1438 783 1498 tu
812 1452 936 1516 quoque
965 1434 1221 1499 commemorasti
1244 1436 1337 1515 atque
1358 1434 1386 1496 in
1408 1452 1437 1496 eo

305 1558 364 1616 me,
399 1539 484 1620 quod
517 1559 578 1604 non
612 1541 733 1623 ingrate
765 1540 877 1615 fateor,
911 1539 1075 1605 adiuuisti.
1114 1560 1186 1605 cum
1221 1540 1304 1605 enirn
1337 1539 1438 1603 abste

306 1646 502 1727 quaesissem
534 1648 566 1710 in
599 1648 736 1729 epistula
767 1666 847 1721 mea,
882 1666 943 1730 quo
972 1647 1067 1712 modo
1095 1650 1226 1730 putetur
1253 1646 1324 1711 ideo
1347 1646 1438 1709 iactus
1455 1676 1474 1713 o

306 1753 431 1817 ludaeis
454 1757 617 1835 tamquam
640 1754 790 1832 Iudaeus,
814 1754 889 1837 quia
912 1753 1068 1819 fallaciter
1092 1754 1235 1836 suscepit
1262 1757 1439 1818 sacramenta

306 1861 505 1938 ludaeorum,
530 1880 603 1925 cum
627 1861 830 1946 algentibus
854 1865 1016 1942 tamquam
1041 1860 1169 1945 gentilis
1193 1861 1297 1925 factus
1326 1860 1368 1924 sit
1392 1878 1439 1923 uec

305 1977 410 2035 tamen
444 1968 620 2051 susceperit
651 1967 808 2033 fallaciter
825 2011 826 2015 =
841 1968 995 2031 sacrificia
1024 1966 1176 2051 gentium,
1205 1969 1240 2030 tu
1264 1965 1439 2047 respondisti

305 2077 336 2141 in
370 2096 407 2140 eo
438 2074 560 2139 factum
593 2075 741 2159 gentibus
773 2078 935 2158 tamquam
961 2074 1122 2158 gentilem,
1147 2073 1231 2155 quod
1254 2073 1438 2156 praeputium

305 2183 467 2265 receperit,
515 2181 598 2263 quod
640 2180 853 2246 indifferenter
894 2180 1074 2263 permiserit
1114 2180 1202 2245 uesci
1244 2180 1333 2257 cibis,
1374 2196 1439 2261 quos
1456 2206 1474 2241 c

306 2290 455 2353 damnant
489 2288 609 2353 Iudaei.
646 2287 703 2351 irbi
739 2307 798 2371 ego
838 2305 963 2370 quaero,
1000 2292 1107 2351 utrum
1145 2289 1178 2350 et
1215 2286 1274 2350 hoc
1307 2284 1440 2350 simulate

306 2394 425 2469 iecerit,
459 2394 542 2475 quod
575 2394 602 2457 si
640 2393 904 2458 absurdissimum
936 2396 1032 2475 atque
1063 2391 1274 2456 falsissimum
1312 2395 1369 2462 est,
1403 2391 1440 2453 sic

307 2520 381 2585 ergo
410 2503 443 2565 et
469 2500 534 2577 illa,
562 2500 594 2563 in
628 2500 744 2582 quibus
771 2500 961 2565 Iudaeorum
994 2498 1218 2565 consuetudini
1251 2497 1439 2582 congruebat.

306 2608 452 2672 libertate
475 2606 633 2689 prudenti,
657 2626 718 2671 oon
742 2606 932 2671 necessitate
957 2605 1065 2670 seruili
1090 2608 1154 2682 aut,
1179 2604 1264 2688 quod
1288 2606 1337 2669 est
1353 2602 1440 2683 indig-

306 2714 389 2790 nius,
414 2714 649 2795 dispensatione
672 2713 780 2778 fallaci
804 2713 912 2795 potius
936 2731 1030 2795 quam
1055 2711 1149 2777 fideli.

255 2816 295 2878 27
351 2820 515 2885 Fidelibns
548 2820 630 2885 enim
663 2824 696 2883 et
727 2820 789 2895 bis,
823 2820 877 2902 qui
911 2822 1128 2903 cognoueruut
1161 2818 1338 2894 ueritatem,
1370 2816 1439 2882 sicut

307 2927 375 3008 ipse
405 2930 552 3003 testatur,
577 2927 638 2991 nisi
665 2927 746 2992 forte
776 2930 808 2991 et
835 2926 887 2990 bic
910 2925 1002 3002 fallit,
1036 2924 1154 2989 omnis
1188 2929 1361 2991 creatura
1390 2917 1438 2987 dei

308 3035 403 3098 bona
431 3039 489 3099 est
517 3037 553 3097 et
585 3034 682 3097 nihil
715 3032 966 3108 abiciendum,
1000 3032 1097 3114 quod
1131 3052 1213 3096 cum
1249 3033 1437 3115 gratiarum

308 3140 456 3204 actione
494 3140 692 3221 accipitur.
731 3158 805 3222 ergo
840 3142 873 3202 et
904 3137 966 3221 ipsi
999 3138 1110 3215 Paulo,
1144 3157 1204 3202 non
1244 3140 1345 3203 solum
1380 3138 1438 3200 uiro

398 3384 466 3437 1-3
487 3382 519 3436 cf.
539 3400 565 3451 p.
586 3384 627 3435 77.
648 3385 718 3436 2-6
795 3384 865 3436 3-5
886 3382 918 3436 cf.
939 3400 964 3451 p.
984 3382 1044 3445 313,
1067 3380 1197 3445 14-314,
1218 3383 1234 3435 2
1311 3380 1392 3435 a-la
1410 3378 1436 3431 ci.

308 3492 333 3542 p.
354 3474 396 3534 to,
418 3473 530 3533 12-77,
550 3473 567 3525 2
624 3472 727 3523 13-16
747 3471 780 3523 ci.
801 3488 826 3539 p.
847 3471 907 3533 314,
929 3470 997 3523 7-9
1052 3470 1086 3523 22
1106 3469 1119 3522 Ι
1139 3470 1206 3522 Tim.
1226 3472 1252 3527 4.
1272 3472 1290 3523 4

344 3598 360 3649 2
381 3596 509 3665 gentibus
527 3595 564 3647 ll
635 3599 697 3648 actu
716 3594 742 3647 P
821 3596 836 3647 5
856 3610 943 3663 neque
963 3593 1034 3647 enim
1054 3608 1104 3649 om.
1123 3592 1161 3647 Ρι
1235 3592 1299 3655 dixi,
1318 3596 1377 3645 aad
1394 3608 1437 3643 noro

309 3686 362 3739 diri
381 3684 418 3739 1³¹
473 3684 680 3738 dsimulaberit
697 3684 732 3737 Η
784 3682 858 3753 quia]
879 3683 956 3752 quasi
974 3682 1011 3736 Μ
1063 3698 1115 3735 uon
1136 3698 1169 3735 es
1187 3681 1257 3749 ΡΗ
1267 3699 1316 3736 rm
1367 3681 1437 3733 simu·

307 3775 378 3829 labit
394 3774 428 3827 H
490 3774 505 3826 7
525 3772 771 3826 ludaeis—similia
791 3788 841 3825 om.
862 3771 911 3824 HI
978 3771 994 3825 8
1014 3770 1101 3839 adque
1121 3770 1155 3823 H
1220 3772 1237 3825 9
1256 3770 1380 3824 adiubisti
1397 3766 1440 3821 Hl

310 3864 340 3916 ll
362 3862 489 3931 Iudaeus]
513 3861 601 3915 iudeis
619 3862 657 3915 Μ
761 3865 932 3915 sacramenta
955 3860 1075 3931 suscepit
1095 3860 1129 3913 Μ
1236 3861 1395 3913 sacramento
1412 3854 1438 3908 H
1510 3850 1511 3897 l

310 3951 469 4007 lairacum
488 3950 521 4003 Η
589 3952 620 4005 13
639 3951 760 4019 suscepit
778 3949 838 4005 edd.
911 3949 1046 4003 fallaciter
1064 3964 1115 4003 cor.
1136 3949 1161 4001 A
1232 3949 1265 4002 15
1284 3946 1401 4016 reciperit
1415 3944 1438 3995 P

309 4041 444 4110 acceperit
463 4040 495 4091 ll
513 4039 648 4093 seceritI
695 4040 727 4093 16
747 4056 798 4107 ego
818 4055 868 4093 erro.
888 4038 915 4092 R
968 4039 999 4091 17
1020 4036 1107 4105 adque
1126 4036 1220 4089 Hesi
1239 4036 1358 4106 atquel
1402 4037 1437 4085 est

309 4148 358 4183 our.
379 4128 430 4181 HI
516 4130 566 4197 sici
587 4127 649 4181 sil
720 4129 751 4181 lc
771 4129 845 4181 etin
866 4127 959 4181 illain
981 4126 1125 4197 quibusP
1193 4128 1226 4179 19
1241 4130 1305 4193 post
1324 4122 1435 4195 prudenti
1509 4150 1510 4179 2

309 4223 372 4271 aa
391 4217 456 4271 aaa.
477 4216 633 4271 eerecraoet
651 4216 688 4270 Ρ1
753 4218 788 4270 ao
803 4222 868 4285 post
888 4216 979 4269 rausa
997 4231 1054 4269 ras.
1073 4218 1149 4267 a-ar
1169 4216 1186 4269 r.
1206 4214 1234 4267 P
1293 4216 1324 4267 21
1344 4212 1369 4265 ur
1386 4208 1437 4263 ml

310 4310 385 4368 [orca
402 4306 456 4371 his)
476 4307 504 4357 A
521 4306 555 4359 iis
576 4306 644 4361 lrm
699 4305 885 4374 cognoberunt
897 4303 931 4357 H
948 4304 1150 4373 cognoueirum
1169 4303 1220 4369 (aia
1231 4308 1251 4367 i)
1266 4304 1294 4357 P
1338 4303 1368 4357 21
1382 4300 1435 4353 bar-

308 4396 381 4449 tione
400 4395 434 4448 H
504 4395 651 4464 precipitur
670 4394 702 4447 ll
718 4394 868 4463 percipitur
886 4394 903 4447 1
975 4392 1043 4461 uiro]
1062 4408 1125 4447 uero
1145 4392 1193 4446 HI
