3092 5217
256 517 319 581 126
607 514 634 568 S.
664 513 799 568 Aureli
826 512 1046 584 Augustini

254 709 407 793 Arzuges,
442 709 469 773 si
501 709 580 773 licet
612 708 642 773 ei
677 708 892 772 iuramentum
930 705 1071 790 accipere
1104 725 1122 770 a
1152 707 1285 772 barbaro
1323 706 1402 771 illud

255 816 387 880 mortale
410 815 494 879 etsi
517 833 578 879 non
602 813 833 897 coinquinatur,
858 813 884 878 si
909 814 1085 896 susceperit
1106 812 1170 877 tale
1189 813 1403 878 iuramentum

256 921 474 986 Christianus?

300 1027 357 1094 VI.
381 1027 416 1094 Si
444 1028 482 1093 de
510 1047 581 1092 area
608 1028 806 1093 trituratoria
833 1027 930 1118 tritici
963 1027 1016 1092 uel
1051 1027 1283 1110 cuiuscumque
1316 1027 1405 1111 legu-

255 1135 349 1199 minis
382 1139 438 1200 aut
468 1135 629 1213 torculari,
662 1135 701 1199 de
734 1153 797 1217 qua
827 1133 974 1198 daemoni
1007 1134 1149 1198 oblatum
1182 1138 1241 1210 est,
1270 1133 1300 1198 si
1328 1133 1406 1198 licet
1433 1155 1446 1194 a

254 1242 327 1306 inde
350 1242 538 1306 manducare
562 1240 777 1307 Christianum
802 1240 975 1305 scientem?

300 1349 371 1414 VII.
395 1349 443 1413 De
465 1349 539 1413 luco
564 1348 590 1412 si
614 1347 691 1412 licet
713 1347 752 1411 ad
776 1346 915 1428 aliquem
938 1365 1033 1410 usum
1062 1365 1156 1410 suum
1186 1345 1407 1412 Christianum

257 1455 409 1520 scientem
431 1454 520 1538 ligna
541 1454 677 1519 tollere?

300 1561 388 1626 VIII.
412 1559 446 1626 Si
470 1561 542 1643 quis
565 1559 686 1625 uadens
709 1558 747 1623 ad
772 1559 942 1624 macellum
967 1560 1052 1622 emat
1073 1576 1208 1636 carnem,
1233 1576 1315 1641 quae
1344 1577 1406 1622 non

256 1668 300 1732 sit
320 1667 537 1744 immolaticia,
562 1670 595 1732 et
617 1666 826 1750 cogitationes
851 1664 930 1729 duas
954 1665 1100 1730 habuerit
1128 1664 1160 1728 in
1190 1664 1294 1742 corde,
1320 1664 1408 1747 quod
1426 1687 1451 1727 ro

254 1775 420 1839 immolata
446 1775 490 1840 sit
518 1777 550 1838 et
577 1793 637 1838 nou
666 1773 710 1837 sit
735 1771 910 1850 immolata,
939 1776 971 1836 et
997 1771 1087 1835 illam
1114 1771 1253 1835 tenuerit
1285 1771 1409 1854 cogita-

254 1882 384 1959 tionem,
417 1900 480 1964 qua
510 1900 572 1946 non
604 1879 802 1946 immolatam
838 1877 1019 1962 cogitabit,
1036 1879 1063 1942 si
1096 1878 1350 1955 manducauerit,
1379 1878 1408 1942 si

255 1991 387 2072 peccat?

300 2094 356 2159 IX.
381 2094 415 2160 Si
439 2094 492 2176 qui
515 2094 630 2160 borram
653 2112 730 2172 rem,
755 2093 794 2157 do
818 2112 881 2174 qua
904 2091 1039 2168 dubitat,
1064 2111 1101 2156 an
1126 2091 1209 2156 bona
1236 2095 1293 2156 aut
1320 2090 1410 2156 mala

257 2201 309 2278 sit,
332 2200 438 2277 faciat,
463 2219 535 2264 cum
557 2203 653 2282 putat
674 2199 799 2275 bonam,
825 2217 897 2263 cum
921 2201 1026 2262 tamen
1050 2200 1198 2280 putasset
1220 2202 1252 2262 et
1274 2198 1409 2277 malam,
1429 2219 1454 2257 rs

257 2307 284 2369 si
307 2307 474 2389 peccatum
497 2304 695 2368 adscribatur
719 2305 768 2369 ei?

300 2412 340 2475 X.
369 2409 403 2476 Si
436 2411 507 2492 quis
541 2411 663 2487 dixerit,
696 2412 780 2492 quod
812 2409 1055 2476 immolaticium
1089 2413 1148 2486 est,
1180 2410 1340 2475 mentiens
1377 2414 1412 2474 et

256 2521 369 2599 postea
401 2517 514 2582 dixerit
544 2516 671 2594 iterum,
704 2517 780 2599 quia
811 2517 966 2582 mentitus
995 2519 1054 2594 est,
1083 2519 1115 2582 et
1142 2517 1182 2581 ad
1210 2516 1304 2580 fidem
1329 2535 1412 2582 uere

257 2622 411 2688 mentitus
434 2627 493 2703 est,
518 2623 545 2688 si
564 2623 640 2687 licet
658 2622 874 2689 Christianum
894 2623 967 2689 inde
986 2623 1174 2688 manducare
1194 2626 1250 2688 aut
1267 2623 1413 2688 uendere

257 2733 289 2794 et
312 2729 351 2794 de
374 2730 474 2813 pretio
498 2731 546 2795 uti
570 2749 606 2794 er
629 2749 676 2804 eo,
700 2730 786 2813 quod
810 2731 955 2796 audiuit?
1431 2752 1458 2793 ao

301 2836 356 2903 XI.
386 2837 420 2902 Si
448 2837 648 2902 Christianus
681 2836 799 2917 aliquis
833 2838 999 2902 ambulans
1031 2856 1147 2920 passus
1179 2837 1415 2904 necessitatem

257 2941 364 3008 uictus
392 2943 474 3007 lame
503 2944 597 3008 unius
626 2943 688 3008 diei
716 2944 769 3008 uel
797 2943 885 3008 bidui
915 2946 967 3008 uel
994 2945 1168 3009 multorum
1200 2943 1336 3022 diorum,
1375 2949 1415 3008 ut

294 3151 352 3203 lsi
369 3150 446 3220 licet]
467 3151 572 3206 scilicet
589 3153 626 3206 M
695 3153 720 3206 ei
738 3169 790 3207 om.
810 3153 838 3206 P
908 3152 956 3208 illo
976 3153 1090 3207 mortale
1108 3154 1144 3207 ΡΙ
1164 3153 1240 3207 illum
1259 3154 1415 3208 mortalem

257 3237 374 3291 MFAR
478 3241 494 3293 2
523 3241 741 3310 quoinquinatur,
760 3245 826 3294 Μ
845 3242 1034 3311 coinquinatur
1051 3242 1089 3295 Ρι
1108 3241 1297 3310 coinquinatus
1317 3242 1349 3295 A
1370 3243 1416 3296 in-

257 3327 385 3394 quinatur
402 3327 430 3381 R
501 3330 645 3398 susciperit
662 3329 692 3383 F
793 3330 862 3384 5de
882 3347 970 3399 quom
1043 3328 1168 3384 demonio
1187 3330 1215 3383 P
1285 3330 1417 3400 silicet]

257 3415 296 3468 sic
316 3418 344 3469 et
361 3415 479 3471 MFAR
561 3418 578 3471 8
596 3418 692 3471 tollere
710 3419 786 3488 ligna
805 3419 833 3472 R
904 3421 921 3473 9
942 3419 1059 3473 euadens
1079 3422 1136 3487 (pr.
1155 3419 1172 3475 l.
1192 3434 1251 3487 corp.
1269 3435 1306 3472 m.
1318 3422 1353 3485 2)
1376 3419 1418 3474 Ρι

260 3503 292 3558 10
311 3505 464 3559 emolaticia
480 3506 519 3560 M
534 3507 615 3576 (corr.
633 3513 694 3560 mr
713 3507 901 3574 immolaticia)
920 3507 951 3562 F
1019 3508 1047 3561 in
1068 3507 1159 3577 corde]
1179 3506 1242 3561 inde
1260 3507 1359 3560 MFA
1372 3525 1419 3562 ae

257 3593 289 3697 ll
311 3592 387 3647 illum
405 3595 442 3648 M
459 3595 538 3663 (corr.
558 3595 616 3648 uid.
635 3596 722 3665 illam)
740 3596 795 3649 Fa
867 3597 1074 3665 cogitationeA
1131 3597 1164 3650 12
1184 3595 1419 3666 quiaMFAac

257 3727 301 3778 qrn
320 3709 347 3778 (a
365 3713 440 3776 Μ)
459 3709 495 3762 Ρ1
577 3710 718 3764 immolati
736 3727 770 3764 ex
789 3712 944 3765 immolatur
957 3712 1068 3780 sactum
1086 3711 1144 3765 reid.
1164 3715 1228 3765 rru2
1246 3711 1283 3764 ΡΙ
1308 3711 1419 3766 immo·

257 3797 343 3850 latum
356 3797 384 3850 P
401 3798 557 3852 immolatur
570 3798 688 3853 offan
706 3799 863 3853 immolatur
882 3803 910 3853 et
925 3801 962 3853 sit
980 3800 1120 3854 immolata
1139 3815 1181 3853 oe
1260 3801 1419 3868 cogitabit,

256 3889 322 3938 rrr.2
340 3887 474 3954 cogitauit
487 3887 523 3938 ΡΙ
544 3888 686 3956 cogitauit,
705 3904 773 3942 corr.
789 3894 848 3940 cal
867 3888 1001 3956 cogitabit
1014 3889 1041 3941 P
1089 3889 1112 3942 si
1131 3889 1236 3959 peccat]
1255 3893 1362 3956 peccat
1374 3907 1420 3944 ae

257 3990 291 4026 an
309 3977 405 4042 peccat
423 3980 482 4027 cett.
502 3975 561 4028 edd.
619 3977 652 4028 14
671 3977 782 4044 quisP¹
797 3976 894 4044 sirm
967 3976 1074 4030 dubitet
1093 3993 1127 4030 an
1147 3976 1206 4030 edd.
1227 3975 1365 4030 dubitata
1385 3981 1422 4031 ut

256 4061 284 4114 P
302 4060 412 4114 dubitat
430 4066 478 4116 aut
495 4063 652 4117 MFAP¹R
726 4067 758 4119 15
778 4066 815 4118 sit
833 4081 884 4119 om.
899 4065 925 4117 A
945 4065 967 4118 si
987 4065 1023 4116 M
1039 4063 1076 4118 sit
1095 4067 1117 4118 si
1135 4065 1251 4119 Foem
1349 4083 1420 4120 curu

257 4153 347 4220 putat]
365 4154 446 4221 putat
458 4151 588 4206 MFAl¹
608 4157 652 4216 (or.
664 4157 683 4207 2
701 4156 812 4223 putans)
827 4157 926 4223 putans
940 4155 968 4208 R
977 4171 1004 4208 m
1018 4157 1050 4207 ut
1062 4159 1195 4223 putatae
1209 4157 1237 4208 et
1251 4157 1337 4222 putat
1353 4155 1422 4223 fri

292 4237 365 4291 boni
384 4242 428 4304 (m
447 4239 546 4306 ΜΡ)
567 4241 594 4292 Ρ
652 4244 792 4310 peccasset
811 4243 846 4295 M
905 4241 1006 4295 malum
1026 4246 1053 4295 A
1109 4244 1141 4296 16
1161 4242 1316 4307 ascribitur,
1338 4259 1420 4300 corr.

256 4344 290 4380 m.
310 4332 341 4380 ut
352 4326 645 4384 cridlascribaturR
700 4331 832 4384 eiom.P
886 4331 918 4385 17
939 4331 1011 4400 quis]
1027 4331 1092 4400 quid
1106 4331 1196 4386 MFA
1247 4331 1280 4385 18
1300 4334 1422 4401 poetR

294 4415 420 4468 etom.A
466 4416 499 4470 19
514 4417 537 4470 si
551 4417 626 4488 licet]
638 4417 995 4488 seilicetF(pr.eexp.)A
1041 4421 1076 4473 22
1089 4417 1157 4484 daei,
1168 4435 1236 4474 corr.
1247 4420 1424 4478 m.1dieiP
1541 4467 1542 4486 ,
