3092 5217
299 499 365 563 392
650 496 678 549 S.
705 496 844 549 Aureli
872 494 1093 563 Augustini

296 690 398 756 aiensi
421 689 623 768 monasterio,
647 688 703 755 rabi
726 690 787 755 hoc
812 692 879 756 sine
904 690 1049 773 angustia
1072 688 1141 753 fieri
1163 689 1278 773 possit,
1305 692 1341 753 ut
1361 692 1438 753 tanta

297 797 343 861 ibi
377 817 502 862 summa
534 798 676 862 detracta
706 816 769 861 non
803 798 908 862 minus
942 816 1037 880 quarn
1065 795 1208 879 aequalis
1236 816 1292 878 pro
1321 816 1437 863 numero

298 904 552 969 cohabitantium
575 924 648 989 pars
672 904 859 969 adnostros
884 904 1058 987 perueniat.

787 1096 958 1161 LXXXIV.

354 1235 501 1291 DOMINO
520 1236 739 1289 Buaulssmo
759 1236 804 1289 ET
824 1236 1047 1290 VENERABILI
1066 1235 1113 1291 AC
1131 1235 1386 1291 DESIDERABILI
1460 1244 1469 1282 5

297 1325 429 1379 FRATRI
447 1325 491 1379 ET
512 1323 789 1380 CONSACERDOTI
804 1324 952 1379 NOYATO
969 1324 1013 1379 ET
1029 1325 1091 1390 QUI
1110 1325 1232 1381 TEOUM
1253 1324 1345 1380 SUNT
1362 1325 1434 1379 FRA-

297 1413 428 1468 TRIBUS
452 1412 681 1468 AL'GUSTINUS
703 1412 748 1466 ET
773 1412 839 1479 QUI
861 1413 991 1468 MECL'M
1015 1414 1109 1469 SUNT
1132 1413 1295 1468 FRATRES
1318 1413 1356 1467 ln·
1377 1414 1432 1468 DO-

725 1502 820 1557 Mino
841 1501 1017 1557 SALUTEM.

256 1640 269 1700 l
341 1634 383 1696 Et
416 1651 475 1715 ego
508 1630 621 1706 sentio,
655 1650 749 1711 qnam
784 1628 880 1693 durus
914 1628 1032 1706 uidear,
1062 1632 1094 1692 et
1122 1648 1173 1693 me
1201 1630 1270 1712 ipse
1294 1631 1345 1693 uir
1365 1631 1432 1704 iero,

298 1738 382 1820 quod
404 1738 507 1801 filium
530 1756 637 1802 meum
661 1736 828 1801 diaconum
846 1736 1007 1800 Lucillum
1031 1754 1217 1819 germanum
1241 1740 1332 1801 tuum
1354 1756 1431 1801 sanc·
1448 1760 1468 1798 a

298 1845 384 1909 titati
415 1848 490 1909 tuae
522 1863 583 1909 non
615 1844 708 1907 mitto
738 1847 833 1925 atque
857 1842 1016 1925 permitto.
1052 1842 1108 1907 sed
1132 1862 1204 1914 cum
1228 1843 1298 1926 ipse
1321 1863 1432 1925 qnoque

299 1952 422 2033 aliquos
456 1970 491 2015 er
524 1950 588 2016 tuis
622 1950 825 2014 nutrimentis
854 1948 947 2013 ualde
977 1948 1159 2013 carissimos
1182 1956 1279 2032 atque
1302 1950 1432 2015 dulcissi-

298 2078 367 2123 mos
391 2058 637 2123 necessitatibus
663 2058 868 2122 ecclesiarum
891 2058 986 2141 longe
1010 2056 1066 2121 abs
1090 2060 1123 2120 te
1142 2058 1318 2139 positarum
1338 2076 1433 2121 conoe-

298 2166 371 2229 dero
409 2164 561 2247 coeperis,
599 2169 674 2228 tunc
713 2164 841 2241 senties,
879 2162 995 2246 quibus
1038 2162 1265 2228 desideriorum
1307 2164 1433 2229 stimulis

298 2270 517 2353 fodia1·,quod
542 2270 670 2352 quidem
693 2270 772 2335 mihi
796 2270 932 2335 maxima
960 2272 992 2334 ot
1019 2270 1207 2335 dulcissima
1232 2270 1468 2335 familiaritates

299 2378 459 2443 coniuncti
482 2397 543 2442 non
567 2382 643 2442 sunt
666 2378 761 2442 etiam
787 2378 990 2461 corporaliter
1019 2396 1156 2441 mecum.
1190 2397 1262 2442 nam
1289 2381 1326 2442 ut
1352 2379 1433 2461 longe

297 2485 423 2549 mittam
456 2484 676 2568 cognationem
708 2489 808 2563 tuam,
839 2488 991 2568 quantum
1018 2485 1098 2549 libet
1126 2484 1234 2549 ualeat
1256 2486 1434 2569 germanitas

298 2592 347 2657 tui
371 2592 545 2675 sanguinis,
569 2610 629 2656 non
654 2593 756 2657 uincit
780 2592 937 2657 amicitiae
961 2593 1222 2675 uinculumque
1251 2588 1339 2657 nobis
1366 2593 1434 2655 inui-

300 2718 368 2763 cem
392 2717 452 2782 ego
477 2703 510 2763 et
532 2700 628 2762 irater
651 2697 789 2764 Seuerus
813 2700 1028 2774 inhaeremns;
1053 2702 1212 2763 ettamen
1237 2700 1328 2776 nosti,
1352 2720 1434 2782 quam

298 2825 368 2869 raro
396 2805 475 2869 mihi
506 2825 579 2869 eum
602 2804 710 2869 uidere
736 2806 907 2889 contingat.
943 2810 1037 2887 atque
1066 2806 1125 2870 hoc
1154 2806 1230 2869 fecit
1253 2825 1313 2869 non
1337 2806 1466 2887 ntiquea

298 2913 449 2977 uoluntas
473 2913 526 2976 uel
548 2930 619 2975 mea
642 2914 695 2976 uel
717 2912 818 2989 illius,
844 2912 899 2976 sed
923 2911 997 2975 dum
1022 2912 1132 2977 matris
1161 2912 1314 2977 ecclesiae
1341 2932 1434 2976 neces·
1513 2904 1514 2991 i

299 3020 410 3083 sitates
443 3020 572 3101 propter
602 3018 745 3083 futnmm
779 3018 952 3095 saeculum,
990 3038 1050 3100 quo
1089 3018 1254 3083 nobiscum
1292 3020 1433 3101 insepara-

298 3126 405 3189 biliter
423 3126 642 3201 conniuemns‚
661 3125 763 3189 nostri
782 3125 934 3209 temporis
954 3126 1197 3190 necessitatibus
1217 3126 1430 3209 anteponimus.
1513 3146 1514 3151 ¹

300 3235 416 3314 quanto
451 3251 525 3315 ergo
558 3233 690 3314 aequius
722 3234 754 3296 te
783 3233 916 3297 tolerare
946 3234 1070 3313 oportet
1096 3251 1153 3313 pro
1181 3232 1322 3297 utilitate
1344 3231 1430 3314 ipsius

298 3338 409 3401 matris
442 3338 593 3402 ecclesiae
626 3338 695 3403 eius
727 3338 835 3403 fratris
868 3338 1055 3415 absentiam,
1089 3356 1161 3401 cnm
1194 3357 1258 3421 qno
1294 3358 1351 3402 non
1376 3342 1464 3401 tantu

299 3444 352 3509 diu
387 3445 494 3508 cibum
526 3444 719 3510 dominicum
752 3446 903 3509 ruminas.
938 3464 1032 3527 quam
1063 3444 1117 3508 din
1145 3464 1204 3528 ego
1235 3465 1307 3509 cum
1331 3444 1430 3509 dulcis-

299 3552 380 3615 simo
414 3551 545 3615 concine
578 3571 649 3617 meo
678 3551 805 3629 Seuero,
840 3552 893 3635 qui
927 3570 1051 3615 mecum
1085 3556 1191 3615 tamen
1224 3570 1307 3615 nunc
1334 3550 1382 3614 uir
1407 3553 1431 3613 et

388 3813 466 3867 Idem
484 3814 596 3879 codices,
616 3815 665 3882 qui
682 3815 713 3867 in
731 3830 771 3883 ep.
791 3814 971 3869 LXXXIII.

335 3957 463 4025 tiquam]
484 3973 645 4025 quamquam
668 3956 753 4010 TVU
768 3958 828 4011 edei.
844 3963 956 4025 praeter
966 3975 991 4010 m
1063 3958 1150 4027 ipsum
1169 3958 1231 4012 edd.
1323 3958 1354 4012 13
1371 3956 1431 4027 posi·

298 4047 387 4097 terum
410 4044 458 4097 ebs
480 4048 509 4097 te
537 4045 561 4097 T
582 4046 643 4099 cdd.
735 4048 769 4099 14
793 4047 894 4114 ceperis
917 4047 949 4099 in
971 4062 1028 4101 res.
1051 4051 1116 4103 no.1
1140 4048 1244 4115 (fuitne
1265 4042 1432 4116 perone?)R

301 4134 334 4185 15
353 4131 511 4199 quidemT
571 4136 610 4202 etl
631 4134 762 4203 atqueT
807 4136 838 4189 17
859 4134 1052 4204 cogitationem
1071 4135 1149 4188 corici.
1164 4135 1243 4201 edd.‚·
1260 4134 1431 4205 cognationem

298 4221 397 4290 ammei
415 4238 448 4275 ex
466 4224 622 4277 coniectura
642 4224 840 4278 Maurinomm
925 4224 958 4279 18
976 4224 1092 4277 uicitT
1166 4224 1202 4278 20
1222 4241 1282 4278 eum
1302 4222 1365 4276 mihi
1380 4219 1430 4275 edu.

334 4310 431 4379 utique
449 4327 500 4367 ono.
520 4312 547 4366 R
602 4314 634 4366 21
655 4315 846 4367 necessitatem
874 4312 924 4368 TU
976 4314 1011 4367 22
1029 4314 1169 4367 uobiscum
1192 4312 1220 4366 U
1270 4314 1303 4367 2ῖ
1323 4310 1429 4365 consciae

300 4400 324 4467 (s
343 4404 414 4467 exp.)
434 4398 462 4453 R
481 4401 549 4464 ciue,
568 4418 638 4455 corr.
657 4409 718 4455 nel
737 4404 847 4457 concine
872 4402 899 4456 U
968 4403 1011 4461 uix
1030 4419 1100 4456 nunc
1123 4402 1150 4457 U
1228 4402 1265 4473 et]
1286 4404 1367 4455 estet
1387 4394 1433 4451 tu
