3092 5217
275 444 340 508 470
630 443 657 496 S.
685 443 823 496 Aureli
851 442 1070 512 Augustini

277 637 430 702 aduersus
449 637 550 720 ipsam
571 641 692 720 partem
711 637 839 717 Donati,
863 637 946 702 undo
964 656 1038 720 pars
1056 637 1173 721 Rogati
1196 637 1419 701 breuissimum

276 745 414 810 frustum
443 744 481 809 de
513 745 616 810 frusto
648 744 766 810 maiore
799 745 977 827 praecisum
1009 748 1080 810 est?
1118 745 1190 827 quis
1224 749 1333 810 autem
1364 761 1422 808 uon

277 851 542 936 inpudentissima
578 851 698 916 nitatur
729 851 851 933 aliquid
882 852 913 915 in
945 852 1097 935 allegoria
1129 853 1272 935 positum
1304 871 1360 934 pro
1391 870 1422 914 se

276 958 486 1042 interpretari,
506 959 567 1024 nisi
581 958 697 1022 habeat
711 962 743 1022 et
756 958 1131 1036 manifestatestimouia‚
1151 977 1288 1041 quornm
1308 956 1424 1022 lumine
1515 948 1516 1027 l

277 1065 488 1129 inlustrantur
511 1065 665 1130 obscura?
1451 1088 1461 1122 s
1515 1046 1516 1127 l

226 1179 267 1240 ‘25
324 1170 417 1252 Quod
450 1175 555 1236 autem
589 1172 736 1236 omuibus
769 1171 948 1236 Donatistis
982 1172 1086 1237 dicere
1117 1171 1271 1248 solemus,
1311 1171 1426 1252 quanto
1515 1164 1516 1229 ξ

280 1277 393 1342 fortius
413 1278 506 1342 uobis
526 1277 676 1342 dicimus:
702 1277 730 1342 si
748 1281 895 1360 possunt,
916 1277 1001 1360 quod
1019 1278 1087 1343 fieri
1105 1297 1167 1342 uon
1186 1280 1307 1361 potest,
1332 1276 1427 1358 aliqui

280 1382 394 1446 habero
423 1397 551 1448 oausam
579 1384 709 1460 iustam,
738 1404 801 1465 qua
829 1385 1084 1449 communionem
1116 1403 1207 1449 suam
1234 1385 1427 1466 separanti
1515 1436 1516 1439 ,

281 1489 501 1554 communione
521 1489 605 1554 orbis
625 1493 779 1554 terrarum
794 1507 926 1572 eamque
941 1491 1102 1573 appellent
1116 1491 1284 1556 eeclesiam
1301 1488 1427 1565 Christi,

282 1594 367 1678 quod
390 1614 425 1660 se
447 1595 532 1661 iuste
557 1596 594 1660 ab
620 1597 760 1662 omniurn
785 1597 929 1680 gentium
952 1597 1175 1662 communione
1202 1595 1427 1679 separauerint.
1446 1617 1466 1651 u

282 1701 365 1765 uude
390 1702 491 1780 scitis,
515 1703 547 1767 in
572 1701 751 1768 Christiana
774 1703 930 1769 societate
954 1709 1019 1768 tam
1043 1703 1138 1786 longe
1165 1703 1293 1785 lateque
1319 1701 1430 1766 diffusa
1515 1686 1516 1697 ¹

283 1827 320 1873 ne
357 1808 449 1887 forte,
489 1815 656 1893 autequam
692 1828 749 1876 uos
791 1810 989 1893 separaretis,
1026 1811 1090 1874 iam
1128 1828 1163 1875 se
1205 1809 1306 1893 aliqui
1347 1807 1429 1872 iusta

284 1932 379 1980 causa
417 1920 642 1998 separaueraut
678 1917 708 1981 in
747 1916 1020 2000 longinquissimis
1052 1915 1157 1995 terris,
1190 1915 1271 1980 unde
1306 1914 1346 1980 ad
1374 1932 1428 1977 uos
1515 1926 1516 1941 ³

284 2041 392 2087 eorum
429 2023 570 2087 iust'tiao
612 2023 696 2088 fama
727 2042 790 2088 non
830 2023 970 2106 potuerit
1006 2023 1191 2106 peruenire?
1232 2041 1295 2104 quo
1338 2019 1428 2086 modo
1515 2042 1516 2099 ξ

283 2129 315 2193 iu
349 2129 442 2196 uobis
474 2132 582 2213 potest
614 2148 684 2194 osse
712 2130 848 2194 eoolosia
879 2130 987 2211 potius
1021 2147 1118 2212 quam
1149 2129 1181 2193 in
1208 2128 1285 2205 illis,
1314 2127 1465 2210 quises

285 2235 404 2320 priores
424 2235 504 2300 forte
524 2239 769 2320 separauerunt?
793 2235 841 2300 ita
857 2235 903 2314 iit,
923 2239 970 2314 ut,
989 2254 1063 2300 oum
1082 2236 1142 2302 hoo
1160 2234 1303 2312 nescitis,
1323 2233 1427 2298 incerti

285 2341 447 2406 nobismet
477 2343 557 2424 ipsis
591 2343 674 2419 sitis,
712 2341 798 2424 quod
830 2361 960 2408 neeesse
993 2345 1044 2408 est
1077 2342 1240 2426 contingat
1273 2340 1428 2407 omnibus.

287 2446 341 2529 qui
364 2466 420 2529 pro
445 2467 503 2512 sua
526 2447 678 2513 societate
701 2452 838 2514 utuntur
859 2448 1042 2514 testimonio
1066 2467 1127 2514 non
1152 2446 1259 2512 diuino
1282 2445 1340 2510 sed
1363 2464 1428 2510 suo.

287 2572 389 2635 neque
417 2554 500 2617 enim
533 2554 668 2637 potestis
697 2554 815 2620 dicere:
847 2552 894 2620 ‘Si
927 2555 987 2621 hoo
1016 2555 1215 2640 contigisset,
1248 2573 1307 2618 nos
1335 2554 1427 2617 latere

288 2677 348 2723 non
372 2663 504 2742 posset.)
532 2678 616 2738 oum,
639 2660 670 2724 in
694 2660 802 2725 Africa
827 2660 898 2743 ipsa
921 2662 999 2742 quot
1024 2659 1089 2724 iam
1116 2663 1221 2742 partos
1244 2659 1348 2724 iootas
1370 2657 1429 2722 siut
1444 2680 1465 2717 a

289 2783 325 2828 er
347 2769 435 2849 parte
454 2765 581 2841 Donati,
606 2767 634 2830 si
656 2766 906 2850 interrogemini,
929 2785 990 2832 non
1010 2766 1135 2844 dicatis,
1154 2766 1342 2849 praesertim
1360 2763 1428 2845 quia

289 2876 377 2938 tanto
402 2872 462 2938 sibi
487 2872 645 2952 uidentur,
670 2873 725 2955 qui
748 2873 810 2938 hoe
832 2873 964 2948 faciunt,
988 2873 1149 2950 iustiores,
1173 2875 1291 2954 quanto
1320 2871 1429 2935 luerint

289 2978 464 3061 pauciores,
489 2985 521 3044 et
543 2979 655 3062 utique
679 2981 767 3044 tanto
792 2982 867 3042 sunt
889 2979 1086 3046 latentiores.
1110 2999 1147 3044 ao
1165 2999 1220 3062 per
1241 2978 1303 3043 hoo
1325 2975 1428 3042 incerti
1515 3022 1516 3025 ,

290 3087 380 3161 estis,
408 3104 447 3151 no
471 3086 552 3151 forte
576 3085 674 3168 aliqui
697 3086 792 3170 pauni
814 3087 894 3151 iusti
916 3090 950 3150 et
971 3085 1042 3151 ideo
1066 3086 1196 3150 minime
1224 3085 1291 3150 noti
1320 3080 1429 3148 alieubi

289 3194 383 3278 longe
402 3199 512 3259 eontra
526 3194 650 3258 Atrium
668 3192 844 3271 meridiam,
864 3195 1033 3276 antequam
1052 3212 1124 3277 pars
1147 3191 1260 3256 Donati
1279 3189 1464 3269 iustitiams

329 3385 341 3440 1
366 3401 428 3455 pars
452 3385 552 3454 Rogati
577 3401 627 3440 om.
646 3383 679 3438 N
698 3401 760 3454 pars
785 3383 879 3438 donati
897 3384 926 3438 P
1013 3381 1203 3436 breuissimum
1221 3380 1338 3434 fructum
1356 3383 1427 3446 (eom.

291 3479 352 3528 m.1
370 3473 496 3542 frustum)
518 3473 660 3528 defructu
680 3477 759 3541 (eom.
778 3478 840 3527 Μ
860 3472 958 3538 frusto)
979 3473 1012 3527 Μ
1034 3471 1225 3525 breuissimum
1249 3468 1376 3523 frustrum
1400 3465 1428 3518 de

291 3563 379 3618 frusto
398 3563 421 3616 0
437 3563 613 3618 breuissimus
631 3562 720 3616 frutex
740 3562 773 3616 de
793 3562 893 3617 lrutioe
905 3561 938 3615 N
982 3562 1000 3614 2
1013 3561 1150 3627 praecisus
1165 3561 1209 3613 est
1221 3557 1256 3612 N
1264 3554 1429 3628 praeciditL

293 3655 309 3708 3
332 3652 588 3723 imprudentissime,
611 3652 702 3708 affl
724 3668 761 3722 pu
783 3668 866 3720 super
888 3667 937 3722 pru
956 3651 984 3706 R
1082 3650 1112 3702 in
1135 3648 1268 3718 allegoria
1290 3643 1430 3716 aliquidli

292 3743 382 3797 irrisi
400 3741 501 3796 habeat
519 3744 558 3812 et]
579 3742 602 3796 si
620 3758 675 3796 uon
693 3741 779 3796 habet
796 3740 824 3794 L
877 3741 991 3794 'luobis
1011 3739 1109 3794 fortius
1127 3737 1188 3793 aad.
1248 3734 1359 3807 aliquid,
1371 3737 1431 3788 Μ

294 3831 413 3901 aliquam
426 3830 464 3884 Μ
480 3831 598 3900 uliquum
613 3829 640 3884 L
675 3831 692 3883 9
712 3829 852 3899 appellant
866 3829 918 3884 ΟΡ
952 3828 985 3882 10
1004 3827 1191 3897 separauerint
1209 3825 1392 3881 commuuione
1404 3821 1432 3876 ll'

331 3920 505 3990 separassent,
525 3935 595 3974 coru.
614 3923 674 3973 m.1
693 3918 880 3988 separauerint
897 3917 935 3972 M
987 3919 1018 3971 ll
1038 3917 1067 3969 in
1086 3933 1138 3971 om,
1157 3916 1185 3969 A
1241 3915 1276 3970 12
1293 3931 1350 3982 nos,
1367 3927 1428 3968 sorr.

293 4013 355 4064 m.1
373 4025 421 4062 uos
440 4008 477 4061 M
546 4007 687 4078 separetis,
705 4009 772 4061 m.2
790 4007 952 4076 separaretis
970 4005 1007 4058 Μ
1097 4005 1130 4060 13
1148 4007 1351 4075 separnuersut,
1367 4015 1429 4054 sorr.

296 4099 482 4167 separaueriut
499 4096 526 4150 L
617 4096 650 4151 16
669 4099 701 4150 ut
719 4112 770 4150 om.
789 4095 880 4149 ΜΔΡ
891 4100 959 4165 post
976 4094 1090 4148 nescitis
1108 4093 1192 4148 habat
1208 4091 1239 4146 N
1326 4091 1358 4145 18
1375 4102 1429 4158 quo.

297 4185 564 4256 coar.m.1quiM
682 4185 812 4252 tostimio,
830 4187 897 4239 m.2
913 4183 1073 4238 testimonio
1093 4183 1120 4236 P
1243 4181 1280 4235 20
1297 4182 1326 4234 in
1343 4178 1429 4233 οιΑ

335 4274 476 4344 quodiam
495 4275 584 4328 Mau
602 4273 733 4344 quaedam
752 4273 785 4327 N
853 4271 958 4328 suntP
1005 4271 1038 4327 21
1060 4273 1102 4342 ax]
1121 4269 1195 4325 elN
1264 4257 1429 4339 parte-quia

298 4382 349 4419 om.
368 4363 463 4417 MAN
