3092 5217
307 501 372 564 502
670 499 697 554 S.
724 499 863 554 Aureli
889 500 1109 570 Augustini

309 713 389 777 quae
422 694 547 761 fortis
580 698 642 762 est
675 699 720 762 ut
752 699 880 762 mors?
913 696 960 761 sic
992 696 1078 762 enim
1110 697 1274 763 oblitterat
1305 697 1392 763 nobis
1420 701 1451 764 et
1518 784 1519 787 Ἴ

308 801 435 885 perimit
456 802 518 868 hoc
539 803 711 883 saeculum,
736 807 773 868 ut
791 803 924 886 impleat
940 804 1052 869 mortis
1071 803 1219 870 effectum
1237 823 1295 887 per
1312 804 1450 870 affectum

310 907 438 989 Christi,
469 909 502 975 in
530 928 625 993 quem
652 909 799 977 conuersi
834 909 1009 976 auertimnr
1036 910 1075 975 ah
1107 911 1169 976 hoc
1199 910 1320 976 mundo
1348 914 1380 977 et
1402 913 1448 976 cui

308 1015 455 1082 uiuentes
492 1015 683 1082 morimur
723 1016 769 1081 ah
807 1016 1025 1083 elementis
1067 1015 1190 1083 huius
1226 1019 1364 1083 mnndi
1398 1038 1450 1084 nec

308 1125 468 1206 tamquam
488 1123 635 1190 uiuentes
649 1123 681 1188 iu
697 1143 807 1189 eorum
826 1127 998 1208 conspectu
1012 1143 1137 1207 usuque
1156 1125 1365 1203 decernimus,
1384 1128 1450 1208 quia
1472 1150 1483 1188 s

308 1229 412 1313 portio
435 1233 544 1296 nostra
562 1249 647 1295 mors
668 1229 787 1296 Christi
806 1234 866 1309 est,
890 1229 983 1296 cuius
1002 1250 1022 1296 a
1043 1231 1179 1296 mortuis
1197 1233 1453 1299 resurrectionem

308 1355 370 1402 nou
406 1335 670 1418 adprehendimus
708 1338 741 1403 in
778 1336 890 1423 gloria,
926 1337 989 1402 nisi
1023 1341 1161 1404 mortem
1198 1339 1267 1405 sius
1302 1341 1335 1405 iu
1368 1359 1452 1407 cruce
1518 1344 1519 1349 ’

309 1443 508 1508 mortificatis
541 1444 692 1510 memhris
726 1447 759 1510 et
795 1445 943 1510 sensibus
976 1444 1079 1510 carnis
1114 1443 1286 1525 imitemur,
1325 1451 1363 1512 ut
1395 1446 1452 1512 iam

309 1569 369 1614 uon
402 1553 511 1616 nostra
543 1550 707 1616 uoluntate
739 1549 889 1620 uiuamus
922 1551 978 1616 sed
1012 1551 1113 1630 illius,
1145 1551 1237 1617 cuius
1264 1556 1451 1620 uoluntas

310 1655 600 1721 sanctificatio
628 1660 769 1723 nostra
797 1660 849 1723 est
871 1661 904 1722 et
926 1655 981 1741 qui
1007 1657 1079 1724 ideo
1108 1677 1165 1740 pro
1192 1658 1284 1725 uobis
1312 1663 1486 1725 mortuusis

310 1764 360 1826 est
382 1765 415 1826 et
436 1763 615 1839 resurrexit,
638 1763 763 1828 utiam
787 1783 849 1830 nou
872 1763 964 1829 uobis
990 1765 1047 1829 sed
1070 1764 1120 1828 illi
1142 1764 1304 1844 uiuamus,
1324 1765 1381 1848 qui
1402 1786 1450 1850 pro

309 1868 401 1934 nohis
428 1872 574 1935 mortuus
603 1873 653 1935 est
675 1873 708 1935 et
730 1870 901 1936 resurrexit
928 1873 962 1935 et
984 1869 1073 1936 dedit
1098 1871 1191 1936 nobis
1213 1870 1331 1956 pignus
1355 1891 1451 1955 repro·

309 1975 470 2042 missionis
490 1995 566 2042 sune
586 1975 701 2060 spiritu
721 1996 791 2056 suo,
810 1977 896 2042 sicut
914 1977 1030 2062 pignus
1048 1977 1135 2042 uitne
1154 1981 1280 2043 nostrae
1298 1980 1409 2062 posuit
1424 1981 1450 2043 in

310 2081 406 2146 caelis
429 2080 462 2146 in
486 2100 615 2165 corpore
639 2102 709 2162 suo,
734 2083 820 2166 quod
843 2086 894 2149 est
916 2082 1058 2168 corporis
1076 2085 1189 2150 nostri.
1207 2084 1291 2149 unde
1309 2104 1393 2150 nunc
1409 2105 1451 2150 er-

309 2187 447 2271 pectatio
466 2193 575 2255 nostra
598 2189 746 2256 domiuus
771 2193 878 2256 estet
901 2190 1091 2270 substantia,
1115 2210 1196 2274 quae
1219 2191 1259 2257 ah
1280 2192 1353 2276 ipso
1376 2192 1451 2257 facts
1465 2213 1484 2250 a

310 2300 369 2374 est,
385 2296 468 2381 apud
483 2297 585 2380 ipsum
607 2300 640 2362 et
657 2297 690 2362 in
707 2296 779 2381 ipso
794 2300 828 2362 ot
840 2316 897 2381 per
909 2297 1017 2381 ipsum
1032 2301 1092 2374 est
1108 2298 1163 2381 qui
1177 2299 1394 2364 conformatus
1408 2303 1450 2363 est

310 2404 432 2488 corpori
451 2402 642 2469 humilitatis
662 2407 799 2481 nostrae,
823 2406 861 2468 ut
882 2422 941 2469 nos
960 2404 1173 2470 conformaret
1192 2405 1317 2489 corpori
1340 2405 1449 2490 gloriae

310 2530 385 2576 suae
419 2513 450 2575 et
487 2529 596 2576 secum
629 2510 661 2575 in
695 2511 887 2576 caelestibus
925 2512 1114 2576 conlocaret
1148 2516 1317 2595 propterea
1349 2513 1449 2595 etqui

310 2617 398 2701 digni
428 2616 545 2682 fuerint
577 2617 644 2682 uita
672 2621 808 2696 aeterua,
842 2621 936 2683 erunt
963 2617 1040 2682 olim
1066 2617 1099 2683 in
1133 2619 1234 2704 glorie
1260 2619 1350 2705 regni
1377 2620 1446 2695 eius,

308 2728 346 2788 ut
368 2742 439 2788 cum
467 2723 538 2807 ipso
567 2723 641 2800 siut,
670 2723 755 2788 sicut
778 2724 943 2806 apostolus
967 2724 1021 2799 sit,
1049 2727 1179 2790 etcum
1205 2725 1276 2808 ipso
1299 2728 1446 2799 maneant
1460 2745 1482 2784 a
1518 2796 1519 2799 Ἴ

310 2830 395 2895 sicut
419 2832 451 2894 et
479 2829 548 2912 ipse
572 2829 718 2895 domiuus
743 2830 782 2895 ad
808 2833 931 2912 patrem
955 2830 1048 2894 dixit:
1072 2829 1183 2908 Volo,
1211 2834 1264 2907 ut,
1293 2830 1361 2895 ubi
1384 2849 1445 2914 ego

266 2946 285 3007 6
311 2956 405 3014 sum,
426 2941 466 3001 et
483 2936 551 3000 illi
571 2937 655 3002 sint
674 2955 837 3015 mecum,
856 2936 924 3002 sine
943 2935 1040 3001 dubio
1058 2936 1151 3013 illud,
1172 2936 1257 3020 quod
1273 2936 1306 3001 in
1325 2935 1446 3019 psalmis

309 3043 422 3108 hebes:
446 3043 576 3124 Beati,
601 3044 669 3127 qui
692 3043 883 3108 habitant
909 3043 947 3107 in
973 3043 1085 3108 domo
1114 3046 1197 3118 tua;
1224 3043 1265 3107 in
1293 3043 1447 3108 saecula

397 3303 492 3360 4001.
512 3302 592 3370 220
654 3303 896 3367 91Thess.4‚3
965 3303 1225 3366 101100r.5,15
1296 3301 1444 3358 12Πθοε.

312 3397 335 3458 1,
355 3394 402 3460 223
422 3397 483 3460 5‚5
575 3394 610 3447 14
633 3393 676 3450 Ps.
700 3393 785 3458 38,8
876 3391 1056 3448 201Thess.
1076 3397 1103 3458 4,
1123 3393 1156 3447 16
1229 3392 1446 3454 2110111111

311 3485 344 3540 23
365 3483 407 3538 Ρε.
428 3483 507 3547 83,5

349 3611 360 3662 l
384 3607 529 3662 oblitterat
551 3606 577 3660 V
594 3611 666 3673 (erat
685 3607 717 3661 ia
734 3622 791 3660 ras.
810 3623 844 3659 m.
854 3607 883 3672 2)
907 3604 934 3659 U
1021 3605 1037 3658 2
1056 3605 1180 3676 persimit
1201 3605 1232 3676 (h
1251 3621 1322 3661 erus.
1337 3603 1405 3666 sid.)
1421 3601 1448 3654 E

347 3695 446 3750 effectu
464 3696 494 3750 E
546 3696 696 3764 5uisuque
716 3693 772 3749 VU
787 3693 848 3749 edd.
922 3693 1091 3749 decernimur
1103 3693 1268 3749 P¹VUlar
1316 3694 1444 3747 tamor·

310 3785 377 3854 tuis]
398 3801 472 3838 amor
489 3783 544 3837 tuis
563 3783 594 3838 Ε
647 3783 678 3836 11
697 3799 746 3852 pro
765 3799 817 3838 em.
836 3782 868 3836 Ε
934 3783 967 3836 12
988 3785 1030 3836 est
1047 3798 1099 3836 om.
1118 3783 1149 3836 E
1219 3787 1248 3836 et
1266 3777 1447 3836 desiccari

347 3871 698 3942 repromissionis-pignus
718 3887 779 3935 om„
799 3871 832 3924 irs
848 3886 935 3940 mcrp.
953 3876 1014 3924 m.1
1033 3870 1098 3926 add.
1118 3871 1146 3924 P
1195 3872 1229 3925 14
1248 3871 1301 3940 est]
1319 3871 1360 3925 est
1372 3872 1446 3938 ceput

316 3960 371 4014 VU
388 3960 447 4014 edd.
505 3961 538 4013 15
557 3964 599 4013 est
617 3958 691 4013 facta
714 3958 741 4014 U
793 3960 827 4013 16
846 3961 875 4012 et
892 3976 941 4029 per
958 3959 1047 4030 ipsum
1067 3961 1120 4028 est]
1141 3962 1170 4014 et
1187 3976 1237 4030 per
1253 3960 1339 4030 ipsum
1357 3960 1445 4026 (aspre

311 4069 339 4104 c.
359 4054 401 4104 est
419 4053 479 4106 m.1
498 4047 562 4102 cdd.
582 4048 637 4103 scd.
658 4049 721 4116 del.)
740 4049 768 4102 P
790 4064 839 4119 per
862 4049 951 4118 ipsum
971 4052 1015 4102 est
1032 4055 1095 4116 (cm.
1115 4053 1154 4114 et)
1173 4048 1275 4104 P¹VU
1290 4050 1301 4103 1
1307 4064 1344 4103 cr
1360 4052 1387 4101 et
1402 4061 1444 4114 per

313 4139 399 4209 ipsum
421 4143 482 4203 (cm.
504 4141 555 4204 est)
570 4155 597 4191 m
649 4138 680 4192 17
701 4152 812 4206 corpore
825 4136 854 4191 P
870 4137 952 4207 (corr.
971 4137 1088 4207 corpori)
1102 4137 1133 4191 Ε
1198 4137 1443 4192 humilitatis-eor·

313 4230 371 4297 pori
391 4243 441 4282 ons
467 4227 587 4282 VUtsr
677 4242 788 4296 corpore
806 4226 834 4278 P
852 4228 934 4291 (cerr.
954 4227 1069 4296 corpori)
1088 4227 1119 4281 E
1199 4226 1233 4280 18
1251 4242 1314 4280 suae
1332 4226 1368 4294 et]
1386 4238 1442 4276 suae

313 4323 343 4370 ut
366 4317 449 4385 V(in
466 4318 534 4384 rae.)
559 4315 585 4369 U
602 4317 658 4370 lor
728 4316 761 4370 19
781 4318 860 4368 erunt
878 4331 929 4370 cm.
948 4314 1045 4369 PP¹E
1059 4313 1171 4372 Hortel.
1252 4315 1315 4370 olim
1333 4329 1380 4367 ose.
1397 4308 1445 4363 VU

313 4405 373 4458 cdd.
429 4405 461 4458 21
482 4405 553 4459 sicut
572 4405 629 4474 ipse
642 4405 673 4459 Ε
724 4404 758 4457 22
778 4401 859 4473 illud]
879 4403 931 4458 hoc
949 4403 1018 4456 illud
1037 4407 1080 4458 est
1103 4401 1157 4459 VU
1174 4403 1236 4460 edd.
