3092 5217
470 507 733 577 epistularum
761 509 858 562 XLIII.
1180 517 1240 582 101

99 703 222 767 marinis
247 702 392 767 eoelesiis
415 702 714 768 communicatorIaa
737 703 860 768 litteras
885 705 980 782 mitti,
1000 725 1060 770 non
1080 705 1120 770 ud
1138 706 1243 786 illurn,

99 827 186 888 quern
215 809 278 891 Ipsi
306 809 460 872 scelerate
488 808 719 888 ordinauerant,
748 809 865 892 puduit
894 828 947 875 eos
978 829 1103 893 semper
1126 815 1240 890 tacere,

98 915 166 994 quia
192 918 304 996 posset
331 914 377 979 eis
406 915 500 994 obiei,
530 933 586 979 our
607 919 792 997 paterentur
815 916 955 1000 ignaram
979 937 1036 999 per
1058 921 1108 984 tot
1130 927 1241 1003 gentes

97 1021 261 1085 eeclesiam
284 1021 517 1087 communicare
541 1021 698 1087 damnatis
721 1025 754 1086 et
778 1041 835 1086 our
858 1042 891 1087 se
914 1023 977 1106 ipsi
1001 1025 1038 1089 ab
1063 1025 1240 1092 innocentis

99 1127 178 1193 ortis
207 1131 361 1193 terrarum
390 1128 611 1193 communione
640 1129 867 1211 praeciderent,
896 1150 967 1194 oum
998 1131 1130 1196 tacendo
1160 1133 1242 1198 sine-

98 1239 160 1299 rent
196 1236 359 1319 episeopo,
397 1254 494 1317 quem
532 1235 848 1321 Carthaginiensibus
887 1236 1095 1317 ordinassent,
1127 1259 1145 1304 a
1173 1243 1240 1304 toto

98 1341 165 1406 orbe
189 1362 254 1407 nou
277 1341 513 1408 eommunieari.
538 1342 714 1427 elegerunt,
736 1343 823 1408 siout
846 1343 973 1421 dleitur,
993 1344 1032 1408 ad
1051 1345 1129 1410 duas
1148 1365 1240 1429 agere

98 1467 222 1512 oausam
255 1468 327 1512 oum
362 1449 541 1514 Caeciliano
575 1448 659 1532 apud
691 1449 843 1514 ecclosias
880 1452 1102 1516 transmarinas
1140 1453 1240 1534 parati

98 1556 133 1619 ad
161 1561 347 1638 utrumque,
384 1561 431 1633 ut,
470 1559 497 1622 si
535 1577 606 1622 eum
645 1558 826 1640 potuissent
862 1577 1060 1641 quaerunque
1098 1558 1240 1623 uersutia

63 1685 83 1722 ιο
96 1662 188 1727 falsae
218 1663 446 1728 criminationis
475 1665 627 1742 euincere,
651 1664 804 1729 satiarent
825 1664 1009 1747 plenissime
1032 1664 1239 1747 cupiditatem

98 1788 192 1847 suam,
223 1770 251 1834 si
278 1774 475 1839 autemnon
502 1775 643 1855 possent,
669 1772 703 1836 in
730 1773 841 1838 eadem
869 1771 997 1855 quidem
1030 1773 1240 1853 peruersitate

98 1876 251 1950 durarent,
289 1877 345 1942 sed
382 1877 447 1942 iam
483 1881 591 1944 tamen
628 1878 720 1960 quasi
757 1878 918 1956 haberent,
962 1877 1046 1961 quod
1086 1878 1237 1952 dicerent,

97 1982 190 2048 malos
215 1985 337 2049 iudioea
362 2003 396 2050 se
419 2003 491 2049 esse
513 2002 692 2067 perpessos,
718 2003 799 2067 quae
823 2003 885 2049 uox
908 1991 958 2049 est
981 1986 1121 2048 omnium
1140 1985 1238 2050 malo-

97 2110 160 2154 rum
186 2090 398 2176 litigatorum,
427 2110 500 2156 oum
532 2091 650 2156 fuerint
682 2092 778 2156 etiarn
811 2092 1071 2157 manifestiSsima
1103 2091 1237 2156 ueritate

63 2218 83 2256 a
99 2198 243 2280 superati,
272 2199 364 2280 quasi
387 2217 448 2288 non
473 2197 519 2262 eis
543 2197 582 2262 ad
606 2198 666 2262 hoo
690 2198 753 2262 dici
777 2197 881 2280 possit
903 2200 934 2262 et
957 2197 1134 2262 iustissime
1159 2197 1236 2264 dioi:

98 2304 181 2369 ‘Ioue
213 2307 364 2386 putemus
396 2305 470 2369 illos
503 2305 680 2387 episcopos,
714 2304 768 2386 qui
800 2305 920 2368 Itomae
951 2303 1141 2380 iudicarunt,
1175 2323 1236 2370 non

98 2411 188 2476 tonos
224 2411 347 2476 iudioes
383 2412 518 2476 falsae?
553 2411 694 2476 restabat
730 2410 834 2476 adhue
871 2411 1045 2493 plenarium
1083 2411 1237 2476 ecclesiae

100 2517 256 2582 uniuersae
289 2517 470 2590 eonsilium,
502 2519 557 2583 ubi
590 2519 688 2584 etiam
720 2537 793 2584 oum
826 2518 906 2601 ipsis
942 2518 1102 2583 iudicibus
1140 2537 1236 2583 eausa

97 2628 199 2704 posset
224 2624 350 2708 agitari,
378 2627 425 2702 ut,
453 2625 481 2688 si
509 2625 591 2689 male
619 2625 779 2690 iudicasse
807 2625 947 2690 oonuioli
974 2629 1093 2703 essent,
1126 2643 1234 2689 eorum

62 2730 264 2795 usenteutiae
301 2733 511 2796 soluerentur.
549 2732 635 2814 quod
671 2735 780 2797 utrum
816 2731 959 2810 fecerint,
996 2731 1142 2814 probent;
1176 2750 1233 2795 nos

98 2837 173 2901 enirn
205 2857 266 2903 non
300 2856 372 2903 ease
404 2838 523 2903 factum
550 2838 645 2903 facile
674 2839 844 2921 probamus
879 2857 913 2904 er
946 2857 993 2916 eo,
1028 2837 1112 2920 quod
1143 2841 1232 2902 totus

98 2943 175 3008 orbis
196 2964 257 3009 non
280 2944 327 3008 eis
351 2944 580 3020 commuuioat3
604 2946 669 3021 aut,
694 2945 722 3010 si
744 2944 865 3010 fautum
890 2947 949 3022 est,
973 2944 1068 3010 otiam
1091 2943 1136 3010 ibi
1159 2951 1234 3009 sunt

97 3050 178 3127 niati,
202 3051 285 3133 quod
308 3051 379 3133 ipsa
402 3069 512 3116 eorum
535 3051 691 3135 separatio
719 3051 869 3116 manifest
889 3054 910 3116 t.

28 3163 60 3225 20
135 3155 195 3222 Sed
222 3162 327 3222 tamen
357 3157 435 3240 quid
462 3160 574 3240 postea
599 3157 741 3236 fecerint,
770 3157 968 3239 imperatoris
995 3159 1112 3222 litteris
1145 3158 1230 3222 sufli-

63 3262 280 3327 urientissime
325 3261 516 3327 ostenditur.
561 3262 684 3328 iudices
726 3263 809 3327 enirn
850 3263 1085 3328 ecclesiasticos
1125 3267 1231 3328 tantae

95 3369 284 3434 auctoritatis
308 3369 488 3452 episcopos,
511 3389 646 3452 quorum
668 3368 787 3434 iudioio
811 3371 844 3433 et
867 3367 1037 3434 Caeciliani
1054 3371 1231 3434 innocentia

96 3481 124 3538 et
152 3495 259 3540 eorum
289 3475 466 3558 inprobitas
499 3475 658 3541 declarata
688 3479 748 3552 est,
782 3495 842 3540 non
871 3475 955 3557 apud
983 3476 1062 3541 alios
1091 3477 1229 3561 collegas

95 3582 145 3645 sed
175 3583 256 3665 apud
288 3582 512 3666 imperatorem
543 3601 691 3647 accusare
719 3582 789 3646 ausi
817 3585 902 3659 sunt,
932 3583 1016 3664 quod
1044 3583 1126 3648 male
1149 3585 1229 3648 iudi-

95 3691 196 3752 carint.
229 3690 316 3754 dedit
345 3690 401 3753 ille
433 3689 521 3754 aliud
552 3689 737 3754 Arelatenso
763 3689 918 3753 iudicium
946 3689 1078 3753 allorum
1106 3690 1230 3754 seilicet

60 3825 81 3862 a
95 3795 314 3877 episcoporum,
338 3815 400 3860 non
423 3796 499 3878 quia
521 3795 584 3859 iarn
607 3814 736 3861 necesse
759 3799 836 3872 erat,
861 3795 916 3860 sed
940 3814 1048 3859 eorum
1076 3796 1229 3876 peruersi-

125 3969 140 4021 2
156 3969 280 4022 scelerati
297 3968 491 4023 ordinauerunt
510 3968 889 4038 (eorr.m.10rdinanerarrt)
909 3969 943 4022 M
1004 3971 1019 4024 6
1039 3969 1228 4038 carthaginen·

96 4056 162 4110 sibus
182 4056 265 4112 Fan
286 4059 346 4112 edd.
439 4059 554 4128 lorbe]
576 4058 640 4112 orbe
663 4061 794 4112 terrarum
814 4056 850 4110 M
956 4057 991 4111 ad
1010 4057 1087 4126 duas!
1108 4057 1143 4112 ad
1162 4057 1228 4114 duaa

96 4145 194 4200 fraudes
213 4163 255 4200 ar
295 4148 370 4201 dale
388 4147 478 4201 ΜΠ
522 4150 554 4202 15
573 4145 869 4215 adhoo]adhuol'1t
923 4149 1017 4216 posset
1035 4146 1095 4200 odd.
1141 4149 1173 4203 16
1186 4148 1227 4202 iu·

97 4233 288 4291 dierueruntR
351 4237 384 4290 17
404 4236 554 4304 plenarium
574 4240 601 4302 (a
619 4239 684 4306 aa2¹
703 4251 736 4289 ex
753 4239 830 4289 2-3
849 4236 877 4302 l.)
896 4236 933 4289 Μ
991 4237 1024 4290 21
1047 4236 1227 4290 factumesse

97 4323 150 4378 edd.
219 4326 546 4390 totua(ar'rrraa.rrr.1r
566 4322 596 4377 F
660 4326 693 4378 22
714 4325 794 4393 alios}
815 4341 860 4378 eos
879 4325 914 4378 M
981 4326 1015 4378 29
1035 4325 1181 4380 arelatensi
1200 4329 1227 4380 A

98 4412 127 4465 30
143 4413 193 4465 iarn
212 4428 264 4466 om.
280 4413 317 4466 M
