3092 5217
308 503 374 566 244
669 498 695 552 S.
723 496 862 552 Aureli
890 495 1106 566 Augustini

309 696 383 760 data
405 694 599 778 praecisione
622 693 782 777 fugientes
805 693 857 774 pio
881 691 951 754 sinu
976 689 1128 773 suscepit,
1145 689 1452 772 periculosissimum
1531 679 1532 756 ἶ

309 801 493 866 scandalum
526 817 727 866 commouere
759 797 890 882 cupiens
922 797 1075 862 uidelicet
1106 795 1308 862 serenitatem
1349 797 1454 881 gaudii
1531 821 1532 900 p

308 909 419 982 nostri,
447 927 527 990 quae
555 907 646 972 nobis
671 907 709 972 de
732 905 814 970 bono
837 909 964 969 uestrae
987 905 1235 969 conuersationis
1259 903 1453 979 obortaest,

220 1079 224 1084 .
308 1014 401 1078 foeda
422 1014 601 1079 innubilare
623 1012 765 1078 tristitia.
800 1009 856 1076 sed
880 1010 1065 1076 dominns
1090 1011 1188 1075 deus
1212 1014 1320 1076 noster
1344 1010 1454 1074 mise·
1531 1025 1532 1042 ¹

308 1121 438 1186 ricors
461 1125 500 1186 et
521 1120 740 1184 miserator
762 1117 928 1183 consolans
953 1117 1099 1194 afflictos,
1123 1116 1266 1182 nutriens
1288 1118 1453 1200 paruulos.
1481 1135 1491 1174 s

308 1246 422 1292 curans
453 1227 595 1293 infirmos
626 1225 665 1290 ad
692 1225 753 1290 hoo
782 1243 856 1290 eum
883 1223 1003 1306 aliquid
1030 1241 1125 1307 posse
1148 1224 1304 1307 permisit,
1330 1231 1455 1288 utrem
1531 1257 1532 1292 r

308 1337 482 1400 correctam
510 1335 613 1398 multo
641 1332 780 1415 amplius
803 1330 1003 1408 laetaremur,
1027 1348 1121 1412 quam
1146 1329 1335 1395 dolebamus
1361 1330 1454 1395 afflie-

306 1443 384 1508 tam.
407 1441 503 1524 longe
526 1442 576 1504 est
598 1439 716 1523 quippe
737 1437 909 1522 gloriosius
929 1436 1133 1520 episcopatus
1153 1436 1306 1502 sarcinam
1327 1443 1455 1520 propter
1531 1435 1532 1530 l

307 1546 460 1612 ecclesiae
486 1545 617 1611 uitanda
644 1545 787 1629 pericula
814 1543 1000 1628 deposuisse
1032 1563 1127 1626 quam
1159 1547 1285 1627 propter
1317 1544 1456 1628 regenda
1531 1537 1532 1624 l

308 1653 522 1738 gubernacula
544 1651 735 1736 suscepisse.
757 1651 812 1715 ille
837 1651 953 1734 quippe
977 1669 1011 1715 se
1034 1651 1194 1727 honorem,
1218 1651 1249 1713 si
1264 1651 1357 1733 pacis
1376 1652 1453 1715 ratio
1470 1670 1491 1710 u
1531 1631 1532 1712 l

306 1764 477 1844 pateretur,
510 1759 604 1843 digne
634 1757 776 1841 accipere
802 1757 947 1842 potuisse
976 1756 1180 1835 demonstrat,
1209 1757 1263 1839 qui
1286 1762 1452 1840 acceptum

305 1887 366 1933 non
400 1867 542 1931 defendit
572 1865 712 1948 indigne.
749 1863 855 1929 uoluit
887 1883 960 1948 ergo
993 1862 1071 1927 deus
1096 1863 1198 1927 ,etiarn
1231 1882 1287 1946 per
1325 1865 1454 1928 fratrem
1531 1875 1532 1958 ᾗ

306 1977 397 2038 tuum
430 1972 532 2037 tilium
563 1977 708 2038 nostrum
735 1957 962 2036 Maximianum
991 1970 1154 2036 ostendere
1181 1969 1321 2034 inimicis
1357 1971 1453 2036 eccle·

307 2082 373 2147 siae
397 2099 473 2145 snae
497 2097 567 2144 asse
595 2079 626 2142 in
655 2077 832 2143 uisceribus
861 2077 941 2154 eius,
970 2077 1024 2159 qui
1052 2096 1112 2141 nou
1146 2096 1217 2141 sua
1252 2081 1453 2160 quaerant
1531 2071 1532 2154 l

307 2187 364 2253 sed
400 2205 501 2269 quae
531 2186 625 2250 Iesu
660 2183 827 2251 Christi.
865 2203 967 2266 neque
1004 2183 1086 2248 enirn
1121 2183 1201 2247 illud
1238 2183 1453 2248 ministerium
1469 2201 1491 2240 1⁵

307 2292 552 2378 dispensationis
575 2291 799 2375 mysteriorum
823 2291 873 2355 dei
897 2291 1004 2355 nictus
1028 2290 1135 2373 aliqua
1157 2290 1311 2354 saeculari
1333 2289 1453 2372 cupidi·
1531 2317 1532 2392 p

304 2403 370 2465 tate
412 2399 562 2473 deseruit,
600 2397 657 2463 sed
693 2397 824 2480 pacifica
859 2399 1022 2480 permotus
1059 2397 1178 2480 pietate
1215 2395 1379 2478 deposuit,
1416 2415 1453 2460 ne
1531 2395 1532 2476 ζ

305 2508 434 2590 propter
461 2505 530 2570 eius
558 2505 706 2570 honorem
736 2504 827 2568 foeda
856 2508 889 2569 et
915 2505 1093 2587 periculosa
1116 2507 1172 2568 aut
1194 2503 1333 2567 fortasse
1358 2503 1451 2568 etiarn
1531 2487 1532 2516 ³

304 2612 482 2695 perniciosa
501 2611 533 2676 in
558 2611 710 2675 membris
734 2610 852 2676 Christi
876 2610 1031 2676 dissensio
1055 2613 1244 2676 nasceretur.
1269 2609 1351 2692 quid
1371 2611 1453 2674 enim
1531 2677 1532 2704 p

306 2722 392 2785 esset
414 2718 539 2788 caecius
564 2720 597 2784 et
619 2717 705 2782 omni
728 2717 923 2782 execratione
943 2717 1069 2801 dignius
1089 2737 1184 2800 quam
1202 2719 1335 2800 propter
1355 2718 1453 2782 eccle-
1469 2737 1491 2774 eo

305 2826 370 2890 siae
412 2824 587 2890 catholicae
627 2842 737 2906 pacem
775 2823 914 2888 schisma
951 2823 1093 2887 deserere
1131 2826 1163 2886 et
1197 2822 1301 2904 ipsam
1341 2841 1452 2904 pacem
1531 2813 1532 2868 ἕ

305 2931 494 3000 catholicam
522 2929 650 2996 honoris
678 2930 728 2995 sui
756 2930 939 3014 quaestione
962 2929 1109 2994 turbare?
1134 2929 1210 3014 quid
1233 2929 1321 2994 enim
1345 2929 1453 2995 lauda·
1531 2947 1532 3000 ζ

304 3039 402 3107 bilius
439 3042 471 3102 et
500 3037 696 3104 Christianae
734 3037 858 3104 caritati
895 3036 1126 3102 commodatius
1164 3055 1256 3118 qnam
1299 3035 1454 3101 derelicta

304 3145 542 3212 Donatistarum
566 3162 685 3208 resana
706 3143 855 3226 superbia
876 3144 922 3208 ita
945 3143 1113 3208 hereditati
1133 3143 1250 3208 Christi
1270 3141 1452 3219 cohaerere,
1531 3143 1532 3224 i

304 3254 342 3316 ut
363 3250 582 3317 testimonium
607 3251 799 3314 humilitatis
823 3268 927 3315 amore
951 3249 1136 3332 probaretur
1156 3249 1307 3314 unitatis?
1333 3249 1488 3330 itaqueas
1531 3285 1532 3296 κ

306 3359 458 3440 quantum
495 3354 535 3420 ad
572 3356 676 3440 ipsum
720 3356 851 3434 adtinet,
894 3357 978 3421 sicut
1018 3375 1090 3420 eum
1134 3354 1310 3440 gaudemus
1354 3355 1452 3420 talem
1531 3341 1532 3430 i

1531 3581 1532 3620 l

391 3687 410 3739 4
427 3686 471 3739 rs.
490 3685 597 3750 as,15;
620 3685 679 3749 roa,
694 3687 723 3749 e;
745 3685 805 3744 110.
819 3687 850 3750 4;
871 3687 931 3748 111,
946 3688 975 3749 4;
997 3687 1056 3749 144,
1072 3685 1101 3750 8;
1116 3685 1171 3740 rae.
1187 3685 1211 3748 s,
1228 3686 1259 3739 11
1318 3685 1451 3740 enses.

304 3775 381 3839 10‚s
437 3776 472 3829 14
488 3775 560 3830 ann.
579 3776 604 3840 a,
623 3776 655 3828 ar
1531 3783 1532 3800 *

340 3951 356 4004 3
376 3953 483 4003 uestrae
502 3967 552 4008 om.
577 3950 605 4005 U
691 3951 874 4005 conuersionis
893 3951 952 4006 edd.
1044 3953 1060 4005 9
1080 3951 1237 4021 deposuisse
1255 3967 1317 4014 om„
1336 3954 1405 4005 Μ
1422 3953 1452 4004 in

302 4055 388 4108 usurp.
404 4039 469 4092 add.
489 4040 515 4094 U
559 4041 591 4093 13
610 4057 675 4094 suae
694 4041 824 4094 ecclesiae
842 4039 869 4094 U
913 4041 946 4094 14
965 4039 1112 4094 uisceribus
1125 4046 1127 4109 ζ
1140 4041 1196 4093 eius
1216 4056 1276 4093 esse
1291 4044 1355 4104 (cm.
1370 4039 1412 4109 in)
1431 4041 1454 4092 Τ

339 4127 408 4196 eius]
430 4127 530 4181 Christi
550 4129 606 4182 eine
626 4130 685 4182 edd.
700 4136 813 4198 praeter
831 4147 858 4182 m
912 4133 1029 4200 querunt
1051 4129 1106 4184 VU
1141 4130 1174 4183 16
1192 4129 1409 4183 ministeriorum
1430 4129 1453 4180 V

302 4213 382 4285 (corr.
401 4216 592 4281 misteriorum)
617 4217 643 4271 U
697 4219 728 4272 17
749 4219 875 4282 desernit,
894 4223 960 4273 aa2
978 4218 1104 4289 deposuit
1122 4217 1147 4272 U
1202 4218 1235 4272 18
1254 4219 1410 4289 periculosa
1425 4223 1452 4271 et

301 4301 365 4356 feda
386 4304 411 4356 T
464 4306 498 4358 20
518 4307 616 4360 certius
638 4308 663 4360 T
715 4310 749 4362 22
768 4309 888 4377 turbare]
910 4309 1015 4378 priuare
1036 4309 1118 4376 (exp.)
1137 4308 1247 4361 turbare
1270 4306 1297 4362 U
1347 4308 1385 4362 23
1406 4325 1449 4362 ac·

301 4391 496 4445 commodatius
514 4393 547 4446 H
