3092 5217
631 425 658 477 S.
685 423 823 478 Aureli
851 423 1070 494 Augustini

794 619 878 684 LIII.

265 758 519 814 DILECTISSIAIO
543 758 590 812 ET
613 757 842 813 HONORABILI
859 758 991 812 FRATRI
1011 757 1204 813 GENEROSO
1223 757 1410 812 FORTL'NA·

377 847 452 912 Tus,
471 846 634 912 ALYPIUS,
654 847 884 902 AUGUSTINUS
903 845 943 900 IN
962 845 1107 901 DOMINO
1127 846 1303 902 SALUTEM.

197 971 246 1035 Il
311 973 466 1053 Quoniam
494 975 585 1039 nobis
612 977 718 1038 notam
742 993 812 1039 esse
836 974 970 1039 uoluisti
993 974 1172 1058 epistulam,
1198 993 1293 1057 quam
1316 973 1357 1037 ad
1380 977 1412 1038 te

265 1082 504 1147 Donatistarum
540 1081 706 1164 presbyter
741 1081 839 1156 dedit,
876 1100 1068 1164 quamquam
1105 1100 1170 1145 eam
1206 1083 1243 1145 tu
1285 1100 1413 1164 quoque
1441 1101 1452 1141 s

266 1187 422 1253 catholieo
455 1187 560 1252 animo
588 1187 745 1264 deriseris,
773 1190 888 1266 tamen,
912 1192 949 1252 ut
972 1187 1001 1252 ei
1023 1188 1140 1268 potius,
1166 1187 1277 1253 sinon
1302 1187 1413 1269 despe-

264 1299 330 1360 rate
355 1293 480 1378 desipit,
506 1295 662 1372 consulas,
686 1295 763 1358 haee
783 1294 823 1358 ad
841 1314 913 1358 eum
931 1295 1083 1374 rescripta
1102 1295 1241 1378 petimus
1260 1295 1413 1378 perferas.

264 1399 319 1463 iile
356 1401 439 1465 enim
477 1401 616 1465 ordinem
654 1400 902 1466 Christianitatis
941 1401 1082 1466 ciuitatis
1119 1403 1245 1466 uestrae
1282 1402 1344 1466 tibi
1378 1404 1415 1465 ut

264 1507 448 1586 insinuaret,
472 1507 606 1573 iussisse
631 1507 693 1573 sibi
716 1509 864 1592 angelum
889 1507 1027 1591 scripsit,
1048 1528 1120 1572 eum
1139 1511 1176 1571 tu
1195 1511 1303 1572 teneas
1324 1507 1415 1572 Chri-

265 1613 460 1678 stianitatem
486 1633 548 1679 non
572 1613 713 1678 oiuitatIs
736 1616 812 1678 tuae
834 1617 958 1679 tantum
984 1633 1040 1678 neo
1064 1617 1187 1678 tantum
1210 1615 1337 1680 Airieae
1361 1615 1415 1679 uel
1434 1638 1457 1678 ro

263 1720 409 1785 Afrorum
434 1719 490 1784 sed
512 1719 613 1786 tetius
637 1721 721 1785 orbis
740 1723 851 1798 terrae,
873 1739 952 1803 quae
971 1721 1155 1785 adnuntiata
1174 1725 1224 1786 est
1242 1724 1274 1786 ot
1293 1721 1416 1785 adnun-

263 1827 363 1892 tiatur
390 1827 535 1892 omnibus
563 1826 723 1910 gentibus.
754 1827 837 1891 unde
863 1827 938 1892 illos
966 1847 1077 1912 parum
1106 1832 1155 1892 est
1182 1829 1267 1910 duod
1293 1830 1416 1912 praeei-

264 1953 316 1999 sos
349 1951 420 1998 esse
452 1952 513 1999 non
541 1932 641 2014 pudet
674 1951 731 1996 neo
766 1933 828 1997 sibi
863 1934 1234 2013 subsannatorem
1262 1939 1415 2018 possunt,

263 2039 392 2104 redeant
415 2040 454 2103 ad
476 2039 625 2116 radicem,
649 2039 711 2103 uisi
735 2039 830 2104 etiam
851 2059 959 2106 secum
979 2041 1057 2106 aiios
1077 2041 1255 2125 praecidere
1275 2045 1307 2107 ot
1327 2043 1418 2108 siout

263 2146 351 2230 ligna
383 2145 469 2210 arida
500 2146 532 2210 in
565 2147 672 2230 ignem
700 2146 856 2212 destinare
884 2151 1045 2212 conentur.
1074 2152 1266 2232 quapropter
1294 2149 1322 2215 si
1354 2150 1416 2214 tibi
1435 2169 1459 2211 rs

263 2252 325 2334 ipsi
353 2253 484 2335 angelus
514 2253 701 2330 adstitisset,
731 2273 825 2336 quem
854 2255 915 2319 sibi
941 2255 996 2320 ille
1023 2258 1152 2338 propter
1179 2259 1211 2320 te
1234 2256 1416 2334 adstitisse,

263 2361 417 2440 quantum
446 2358 644 2435 arbitramur,
674 2362 781 2424 astuta
807 2361 949 2425 uanitate
978 2361 1137 2445 confingit,
1167 2366 1200 2426 et
1231 2362 1309 2426 haec
1344 2362 1419 2446 ipsa

262 2463 323 2528 tibi
351 2465 492 2543 dixisset,
522 2485 601 2548 quae
629 2467 691 2532 iste
714 2467 863 2531 mandato
886 2466 975 2532 illius
999 2469 1057 2532 tibi
1081 2488 1115 2532 se
1138 2469 1298 2533 insinuare
1322 2469 1416 2546 dicit,

263 2575 422 2654 oporteret
452 2576 484 2636 te
518 2573 711 2656 apostolieae
744 2575 917 2640 sententiae
950 2595 1120 2641 memorem
1152 2576 1229 2652 fieri,
1263 2575 1316 2658 qui
1355 2577 1416 2642 ait:

261 2678 379 2742 Lioet
407 2678 440 2742 si
468 2698 539 2744 nos
565 2684 634 2744 aut
657 2680 831 2765 angelus
856 2681 900 2762 do
925 2683 1034 2747 eaelo
1060 2683 1178 2748 uobis
1203 2683 1417 2767 euangeli·
1435 2704 1460 2743 so

263 2783 423 2849 zauerit
449 2789 615 2867 praeter
643 2785 691 2864 id,
726 2787 832 2869 quod
865 2789 1245 2873 euangelizauimus
1279 2791 1416 2868 nobie,

262 2891 473 2956 anathema
509 2891 576 2958 sit.
614 2894 866 2977 euangelizatum
903 2899 953 2959 est
989 2896 1071 2960 enim
1107 2895 1167 2960 tibi
1203 2915 1259 2980 per
1296 2917 1417 2962 uocem

262 2997 364 3080 ipsius
407 2998 524 3062 domini
565 2999 639 3064 Iesu
682 2999 810 3077 Christi,
854 3001 937 3084 quod
983 3003 1167 3068 omnibus
1214 3003 1418 3087 gentibus

262 3103 580 3168 adnuntiabitur
608 3105 870 3190 euangelium
894 3106 983 3172 eius
1007 3111 1047 3172 et
1070 3112 1165 3174 tuno
1189 3109 1268 3173 erit
1292 3109 1416 3184 finis3

262 3207 514 3292 euangelizaturn
541 3208 602 3273 tibi
630 3214 680 3274 est
701 3230 758 3293 per
780 3211 981 3294 propheticas
1005 3216 1038 3277 et
1060 3214 1250 3296 apostolieae
1273 3214 1417 3290 litteras,
1436 3237 1461 3277 a,

262 3312 347 3394 quod
374 3313 557 3379 Abrahae
586 3316 722 3381 diotae
751 3322 846 3382 sunt
872 3320 1171 3401 promissiones
1200 3325 1239 3385 et
1263 3323 1418 3387 semini
1541 3299 1542 3332 ἶ

351 3539 386 3593 20
405 3539 464 3594 Gal.
486 3541 509 3605 I,
529 3541 546 3595 8
601 3543 635 3596 23
654 3543 753 3597 Matth.
775 3545 818 3610 24,
840 3547 872 3600 14
927 3547 961 3602 26
982 3545 1041 3602 Gal.
1061 3547 1085 3612 3,
1107 3549 1139 3601 16
1541 3569 1542 3630 p

349 3715 427 3769 Idem
446 3716 559 3780 codices,
578 3717 627 3785 qui
644 3718 676 3770 in
693 3733 734 3786 ep.
753 3718 799 3770 LI
816 3725 841 3773 et
859 3719 929 3774 LII.

284 3876 313 3929 ·3
328 3876 507 3946 Augustinus]
529 3881 557 3930 et
575 3877 736 3946 augustinus
749 3878 813 3932 Rm
888 3883 906 3933 4
924 3845 972 3934 dtr
992 3897 1025 3934 eo:
1042 3896 1120 3946 corr,
1138 3881 1422 3949 presentantes!
1541 3861 1542 3916 3

260 3964 398 4033 'iscripta
416 3964 452 4017 M
524 3965 611 4018 9tibi
630 3965 658 4019 R
730 3968 817 4029 tenes,
837 3983 907 4022 corr.
927 3972 1099 4022 mitaneas
1118 3969 1148 4023 F
1219 3970 1251 4022 12
1271 3970 1329 4025 iliis
1352 3973 1419 4026 edd.

295 4052 448 4120 praeciosas
467 4053 504 4106 M
582 4054 615 4106 13
634 4056 666 4106 ut
685 4070 743 4107 eum
762 4055 889 4124 possunt]
910 4071 968 4108 cum
989 4059 1111 4127 possunt,
1130 4059 1195 4112 m.2
1214 4073 1275 4111 eum
1294 4067 1420 4128 possunt

260 4140 337 4194 utP
390 4141 423 4193 14
442 4141 510 4194 alios
529 4158 620 4196 seeum
639 4141 667 4195 R
724 4142 755 4195 16
775 4143 833 4211 ipse
852 4143 882 4196 F
935 4145 967 4197 17
988 4149 1116 4214 quantum
1136 4145 1233 4200 oruR
1292 4147 1326 4201 18
1348 4148 1421 4205 ditit
1541 4135 1542 4138 Ἴ

260 4229 419 4298 oportetM
474 4231 505 4283 19
524 4233 620 4299 quaA
674 4232 709 4284 22
728 4231 799 4284 enim
819 4233 922 4287 omar
974 4235 1007 4287 24
1027 4233 1089 4288 finis
1109 4235 1161 4289 erit
1179 4235 1240 4289 edd.
1298 4238 1333 4292 25
1351 4255 1419 4308 pro-

259 4317 376 4385 phetica,
400 4321 465 4374 m.2
488 4319 659 4388 propheticas
678 4320 715 4372 M
804 4323 831 4374 et
850 4323 1012 4391 apostolicas
1032 4339 1082 4378 oar.
1102 4325 1129 4379 R
1218 4325 1254 4379 26
1274 4343 1328 4394 quo
1349 4328 1420 4382 MA
