3092 5217
309 494 375 556 410
662 494 689 546 ὃ.
717 493 854 546 Aureli
883 494 1100 563 Augustini
1142 558 1145 565 Δ

265 678 286 740 4
341 682 593 738 IMPERATORES
613 682 794 739 CAESARES
813 684 936 740 FLAVII
960 684 1239 741 CONSTAN'I'INUS
1262 686 1416 741 MAXIMUS

309 771 354 825 ET
373 771 553 827 VALERIUS
571 772 783 829 LICINIANUS
803 772 964 830 LICINIUS
983 774 1033 828 AD
1058 774 1274 831 PROBIANUM
1297 773 1445 829 PROCON-

734 862 856 918 SULEM
874 863 1039 919 AFRICAE.

354 987 506 1052 Aelianus
529 988 754 1071 praedecessor
777 994 853 1054 tuus
877 990 1002 1067 merito,
1026 990 1103 1055 dum
1130 991 1180 1055 uir
1207 990 1445 1073 perfectissimus

311 1092 424 1174 Verus,
465 1094 605 1160 sicarius
647 1096 879 1178 praefectorum
920 1100 996 1161 tunc
1037 1116 1094 1179 per
1128 1096 1268 1162 Alrioem
1309 1100 1481 1173 nostrams

309 1196 511 1266 incommoda
548 1201 726 1268 ualitudine
761 1206 932 1281 teneretur,
970 1202 1111 1268 eiusdem
1148 1202 1291 1285 partibus
1330 1203 1447 1267 functus

309 1307 393 1372 inter
415 1310 520 1373 cetera
542 1309 695 1374 etiamid
717 1310 882 1393 negotium
906 1312 959 1375 uel
981 1308 1144 1385 inuidiam,
1170 1329 1251 1392 quae
1275 1308 1312 1375 de
1330 1308 1448 1375 Coeoili·

310 1432 371 1479 ano
400 1414 551 1497 episcopo
585 1414 737 1480 ecclesiae
770 1416 946 1481 catholicae
973 1416 1102 1481 uidetur
1129 1435 1199 1482 esse
1227 1420 1390 1495 commota,
1416 1416 1448 1480 al

311 1540 439 1586 examen
477 1538 570 1586 suum
604 1525 704 1604 atque
739 1522 914 1587 iussionem
957 1522 1090 1588 credidit
1131 1542 1201 1587 esse
1243 1522 1447 1587 reuocandam.

313 1625 429 1691 etenim
454 1645 526 1692 cum
549 1628 612 1693 ianr
636 1625 806 1711 Super-ium
830 1628 1046 1694 centurionem
1070 1632 1102 1693 et
1125 1628 1338 1695 Caecilianum
1360 1630 1448 1713 magi·
1465 1661 1481 1694 o.

312 1736 448 1798 stratum
471 1735 763 1819 Aptungitanorum
791 1738 824 1799 et
844 1734 1050 1801 Saturninum
1081 1738 1296 1801 excuratorem
1325 1740 1357 1799 et
1379 1734 1448 1799 Cali-

311 1840 401 1904 bium
436 1841 601 1919 iuniorem,
639 1840 784 1907 eiusdem
820 1841 962 1907 ciuitatis
1001 1846 1188 1917 curatorem,
1211 1846 1320 1925 ,atque
1351 1840 1448 1907 Solum

312 1966 442 2013 seruum
479 1946 645 2030 publicum
681 1966 779 2031 supra
815 1949 951 2032 scriptae
988 1948 1129 2013 ciuitatis
1170 1954 1351 2031 praesentes
1390 1966 1449 2012 esse

312 2054 453 2132 lecisset,
491 2053 684 2119 audientiam
719 2054 867 2137 praebuit
902 2057 1146 2137 competentem,
1183 2054 1260 2119 adeo
1302 2060 1346 2129 ut,
1386 2072 1447 2116 cunr

313 2160 491 2225 Caeciliano
514 2158 631 2225 lusisset
652 2159 826 2237 obiectum,
849 2159 933 2244 quod
957 2178 976 2225 a
998 2160 1102 2226 Felice
1129 2160 1232 2225 eidem
1260 2160 1448 2243 episcopatus
1463 2182 1481 2219 e

312 2266 475 2332 uideretur
506 2286 577 2331 esse
610 2266 746 2345 delatus,
780 2266 832 2331 cui
866 2266 1045 2332 diuinarum
1075 2267 1301 2351 scripturarum
1324 2265 1447 2348 proditio

312 2377 407 2455 atoue
439 2373 562 2439 exustio
595 2372 758 2439 uideretur
789 2373 924 2441 obiecta.
957 2374 1156 2439 innocentem
1189 2372 1227 2437 de
1256 2392 1293 2437 eo
1321 2371 1445 2437 Felicem

312 2481 412 2545 fuisse
437 2480 626 2545 constiterit
655 2479 790 2563 denique
819 2498 892 2545 cum
920 2480 1079 2545 Maximus
1106 2480 1287 2564 ingentium
1321 2479 1446 2543 decurio·
1511 2550 1512 2557 ἵ

312 2606 385 2651 nem
421 2586 628 2669 Ziquensinm
664 2586 807 2651 ciuitatis
846 2586 1015 2669 epistulam
1055 2586 1225 2651 Caeciliani
1263 2583 1446 2650 exduumuiri

311 2692 445 2757 falsasse
482 2692 696 2770 contenderet
734 2692 868 2758 eundem
904 2693 1011 2775 ipsum
1048 2692 1229 2777 lugentium
1271 2709 1447 2773 suspensum
1461 2715 1479 2750 s

313 2798 404 2877 actis,
440 2818 521 2881 quae
558 2800 720 2874 suberant,
755 2799 955 2881 pensidimus
993 2802 1025 2863 et
1059 2798 1131 2863 ideo
1169 2798 1298 2863 minime
1329 2800 1444 2863 tortum

310 2906 395 2986 quod
419 2926 454 2970 se
477 2906 679 2972 decurionem
705 2906 911 2989 ziquensium
944 2904 1085 2971 ciuitatis
1118 2922 1188 2969 esse
1215 2902 1445 2969 adseuerauerit.

312 3010 394 3076 unde
418 3012 580 3090 uolumus,
604 3015 641 3077 ut
664 3012 799 3078 eundem
821 3012 929 3095 ipsum
952 3012 1135 3097 Ingentiurn
1164 3010 1223 3076 sub
1251 3010 1364 3076 idonea
1388 3028 1445 3091 pro·
1510 3002 1511 3005 ’

312 3120 474 3184 secutione
507 3118 546 3183 ad
580 3120 767 3184 comitatum
800 3138 907 3185 meum
941 3118 1138 3186 Constantini
1168 3116 1309 3202 Augusti
1341 3116 1445 3189 mittas,

348 3328 361 3380 1
383 3327 498 3380 caeseris
517 3327 554 3381 Μ
622 3328 735 3381 Flauius
752 3328 844 3395 sirm
917 3326 933 3381 2
952 3326 1070 3380 ualerios
1090 3326 1238 3380 lucinianus
1258 3330 1286 3379 et
1305 3322 1443 3379 licininsll

309 3415 469 3469 Valerisnus
488 3416 608 3470 Licinius
628 3434 671 3470 ae
689 3416 812 3470 Valerius
832 3414 952 3469 Licinius
971 3420 1030 3471 ceti.
1050 3414 1110 3469 ede.
1193 3414 1208 3468 3
1228 3412 1325 3485 siricps
1344 3418 1366 3477 (s
1383 3428 1442 3479 cup-l
1509 3478 1510 3481 Ἰ

310 3521 355 3558 sor
371 3508 435 3558 tous
453 3505 551 3559 merito
571 3505 607 3559 du
626 3505 668 3559 uir
684 3505 809 3559 helianus
828 3504 957 3575 prodeces
972 3502 1087 3575 perlecti
1097 3503 1206 3557 issimus
1220 3501 1257 3555 M
1305 3500 1442 3556 Abellanos

311 3594 390 3648 codd.
408 3592 469 3649 edu.
484 3599 598 3663 praeter
615 3610 641 3646 m
712 3593 889 3663 prodecessor
901 3590 1018 3646 MFAR
1036 3608 1153 3662 possem,
1171 3606 1227 3644 roe.
1247 3595 1274 3643 et
1291 3605 1360 3645 corr.
1379 3596 1440 3657 poes-

309 3700 354 3736 sor
372 3680 400 3735 P
487 3684 571 3751 oper
588 3698 638 3737 om.
658 3684 685 3736 A
769 3686 886 3735 uestram
905 3680 965 3735 edd.
981 3686 1094 3749 praeter
1111 3696 1138 3733 m
1226 3674 1428 3732 6incommoda‘

311 3774 419 3840 (parua
436 3776 504 3836 rue.)
524 3770 555 3823 F
604 3770 728 3825 licredit
745 3769 863 3824 MFAR
920 3770 952 3824 10
970 3770 1035 3837 iam]
1054 3772 1111 3822 torn
1130 3766 1208 3821 codd.
1224 3784 1242 3819 o
1316 3766 1442 3834 magistre·

309 3864 387 3914 tuum
405 3858 553 3914 Mesua
636 3861 666 3914 11
688 3860 929 3929 aptugnitanorum
948 3858 983 3912 Μ
1001 3862 1045 3923 (ee
1063 3857 1298 3927 aptugnitatorunr
1317 3873 1351 3910 rs.
1361 3860 1382 3921 1)
1399 3852 1442 3906 Fa

309 3950 530 4018 aptugitenorum
550 3948 577 4001 P
595 3948 839 4019 appungitanorum
858 3948 886 4003 R
958 3951 1114 4001 excuratore
1128 3944 1244 4000 MFAP
1319 3949 1346 3999 et
1363 3960 1408 3999 on.
1419 3939 1443 3993 F

311 4037 344 4089 12
363 4037 490 4091 Solonem
509 4037 579 4092 lom
666 4038 699 4091 13
717 4036 883 4107 praesentes]
904 4040 1015 4106 pessent
1034 4034 1061 4087 P
1141 4035 1175 4089 14
1193 4050 1253 4088 cunr
1273 4050 1324 4089 cm.
1342 4030 1442 4086 ceddo

311 4127 344 4179 15
363 4126 581 4181 caecilianumA
642 4127 674 4180 17
689 4127 805 4195 exustio]
827 4124 1005 4180 excusatioR
1066 4126 1098 4178 18
1113 4124 1329 4177 maximianusA
1405 4118 1442 4169 l'i·

309 4213 432 4282 gentium
450 4216 510 4272 edd.
525 4221 674 4284 praetereo
765 4216 798 4270 19
818 4214 978 4283 riquinsiunr
996 4216 1022 4267 A
1097 4229 1127 4266 er
1147 4212 1296 4266 duumuiris
1314 4209 1389 4265 codd.
1405 4224 1441 4260 er-

309 4301 445 4355 duumuiri
463 4320 490 4356 m
509 4318 540 4357 ex
559 4303 652 4357 diuino
671 4302 729 4357 inre
748 4308 807 4358 cett.
827 4300 888 4355 edd.
944 4301 979 4355 20
998 4300 1104 4354 fulsisse
1119 4303 1146 4353 A
1201 4300 1233 4354 21
1256 4303 1327 4353 actes
1343 4292 1442 4350 MFAH

308 4391 343 4444 22
363 4389 525 4460 niquineium
543 4395 570 4444 A
642 4389 850 4446 commetiri.
906 4390 941 4443 23
960 4389 1146 4458 persecutione
1166 4390 1192 4442 A
