3092 5217
294 491 360 553 432
649 485 676 538 S.
702 483 840 537 Aureli
868 482 1087 551 Augustini

293 682 467 767 episcopali
502 686 534 746 et
561 680 640 745 dicis
669 680 803 763 patriam
831 684 920 744 tuam
949 698 1010 743 non
1037 678 1104 743 leui
1131 677 1241 762 populi
1271 676 1319 741 sui
1342 682 1436 741 errato

294 792 486 874 prolapsam.
517 787 612 871 ‘quod
644 787 772 869 quidem
805 788 833 851 si
864 787 943 851 iuris
975 786 1097 868 publici
1126 786 1229 869 rigore
1267 784 1437 863 metiamur,

294 896 391 961 debet
418 896 516 980 plecti
546 894 704 959 seueriore
733 911 878 969 censunn
914 892 970 957 sed
999 894 1204 977 cpiscopnm‘,
1241 890 1438 975 inquisite

295 1022 356 1067 non
380 1007 431 1069 est
452 1002 516 1067 nisi
539 1003 676 1067 salutem
699 1000 882 1065 hominibus
901 1000 1063 1083 impertire
1083 1003 1115 1064 et
1133 1019 1188 1084 pro
1209 1001 1297 1064 statu
1316 997 1440 1061 meliore

293 1108 401 1174 causis
433 1108 544 1173 adesse
578 1111 610 1173 et
642 1106 728 1189 apud
760 1107 1009 1189 omnipotentem
1037 1106 1132 1171 derum
1160 1105 1288 1170 ueniam
1310 1102 1439 1167 aliorum
1468 1126 1478 1160 ι

294 1216 407 1281 mereri
440 1216 588 1280 delictis'.
621 1214 681 1278 hoc
715 1214 843 1278 omnino
877 1232 1003 1279 seruare
1036 1232 1194 1291 conamur,
1222 1214 1260 1277 ut
1287 1209 1440 1276 seueriore

294 1341 429 1387 censura
466 1341 557 1385 nemo
590 1322 749 1404 plectatur
780 1339 881 1403 neque
910 1340 929 1384 a
955 1320 1046 1385 nobis
1079 1338 1178 1404 neque
1211 1318 1250 1383 ab
1283 1317 1346 1381 alio
1380 1311 1440 1379 ullo

293 1428 562 1493 intercedentibus
576 1428 679 1504 nobis,
698 1430 732 1491 et
750 1427 885 1491 salutem
906 1427 1089 1491 bominibus
1108 1426 1255 1510 cupimus
1274 1423 1441 1505 impertire.

294 1554 376 1615 quae
412 1536 518 1616 posita
554 1539 604 1599 est
640 1534 672 1597 in
708 1537 793 1598 recte
830 1532 961 1598 uiuendi
997 1532 1162 1609 felicitate,
1200 1551 1262 1597 non
1299 1531 1331 1595 in
1364 1530 1441 1593 male

294 1640 429 1705 faciendi
452 1641 633 1705 securitate.
658 1640 785 1705 ueniam
810 1658 935 1723 quoquc
959 1658 1019 1705 non
1042 1644 1167 1705 tantum
1191 1638 1310 1703 nostris
1332 1655 1439 1701 uemm
1458 1658 1480 1693 ιι

296 1752 329 1811 et
356 1748 490 1813 aliorum
518 1748 674 1812 instamus
702 1746 830 1811 delictis
858 1747 981 1824 mereri,
1006 1746 1091 1829 quod
1113 1748 1281 1829 impetrare
1305 1745 1367 1809 nisi
1389 1762 1440 1825 pro

296 1854 446 1919 correctis
484 1855 610 1920 omnino
648 1874 708 1920 non
746 1874 930 1938 possumus.
970 1854 1117 1939 adiungis
1155 1854 1250 1922 etiam
1285 1858 1318 1917 et
1350 1852 1441 1918 dicis:

296 1961 432 2039 ‘Quanta
453 1980 585 2044 possum
610 1962 840 2044 supplicatione
866 1962 1013 2044 deposco,
1042 1966 1088 2041 ut,
1118 1962 1145 2025 si
1173 1960 1369 2025 defendenda
1393 1977 1442 2021 res

297 2071 356 2142 est,
398 2068 542 2132 innoxius
585 2067 781 2146 defendatur,
825 2070 862 2133 ab
904 2069 1125 2133 innocentibus
1167 2067 1316 2131 molestia
1358 2084 1442 2149 sepa·

297 2177 402 2240 retur’.
1459 2190 1478 2229 ιι

251 2282 272 2343 8
340 2281 458 2365 Accipe
480 2281 628 2358 breuiter,
653 2300 733 2364 quae
757 2283 928 2347 commissa
951 2282 1025 2359 sint,
1051 2286 1083 2346 et
1106 2282 1213 2347 noxios
1238 2281 1275 2345 ab
1301 2281 1441 2345 innocen-

296 2386 383 2451 tibus
407 2389 476 2470 ipse
499 2388 650 2453 discerne.
674 2391 782 2452 contra
804 2389 1039 2453 recentissimas
1057 2388 1145 2473 leges
1164 2386 1320 2452 Kalendis
1346 2385 1441 2451 Iuniis

296 2493 378 2558 festo
415 2513 610 2577 paganonrm
647 2495 803 2579 sacrilega
842 2495 1038 2561 sollemnitas
1077 2496 1197 2578 agitata
1233 2497 1283 2559 est
1324 2494 1442 2558 nemine

296 2599 482 2681 prohibente
514 2605 581 2664 tam
615 2600 763 2665 insolenti
798 2620 887 2677 ausu,
917 2605 962 2679 ut,
992 2603 1077 2685 quod
1104 2620 1160 2667 nec
1184 2601 1301 2666 Iuliani
1326 2606 1441 2682 tempo·

296 2705 385 2770 ribus
417 2707 537 2771 factum
570 2711 629 2782 est,
658 2707 917 2790 petulantissima
944 2709 1037 2773 turba
1065 2710 1250 2774 saltantium
1278 2709 1310 2771 in
1335 2706 1477 2771 ecdemn
1525 2694 1526 2769 l

297 2832 426 2896 prorsus
458 2815 530 2878 uico
559 2817 632 2879 ante
659 2815 742 2879 fores
769 2816 919 2879 transiret
947 2816 1108 2881 ecclesiae.
1137 2835 1231 2897 quam
1254 2834 1322 2880 rem
1346 2814 1440 2878 inlici·

295 2920 455 2984 tissimum
479 2923 573 3003 atque
596 2921 851 3005 indignissimam
875 2923 999 2987 clericis
1022 2923 1189 3007 prohibere
1212 2921 1440 3003 temptantibus
1525 2906 1526 2937 ¹

296 3026 434 3091 ecclesia
455 3026 596 3108 lapidata
618 3032 679 3092 est.
703 3028 814 3092 deiude
837 3035 911 3112 post
934 3030 1001 3094 dies
1024 3030 1122 3094 ferme
1146 3032 1228 3106 octo,
1255 3048 1329 3093 cum
1357 3028 1439 3111 leges

294 3132 479 3198 notissimas
503 3134 672 3215 episcopus
697 3134 799 3199 ordini
822 3136 1007 3217 replicasset
1031 3140 1063 3200 et
1086 3137 1161 3200 dum
1185 3154 1232 3212 ea,
1257 3151 1339 3218 quae
1357 3136 1440 3198 iussa

295 3242 380 3319 sunt,
414 3240 506 3305 uelut
536 3240 667 3323 implere
700 3242 882 3323 disponunt,
913 3244 1028 3308 iterum
1056 3244 1191 3308 ecclesia
1217 3242 1358 3326 lapidata
1384 3244 1437 3305 est.
1455 3260 1476 3298 c

294 3346 449 3428 postridie
477 3350 595 3413 uostris
624 3347 663 3413 ad
692 3348 904 3430 inponendum
928 3348 1059 3431 perditis
1083 3354 1216 3427 metum,
1246 3350 1332 3432 quod
1359 3347 1439 3411 uide·

387 3593 455 3644 1-c
475 3616 508 3637 =
527 3610 553 3661 p.
573 3592 634 3654 aas,
656 3572 788 3655 n-mi,
811 3594 823 3647 1
882 3596 985 3649 13-15
1005 3620 1038 3641 =
1059 3613 1085 3665 p.
1103 3596 1164 3657 aar,
1185 3596 1256 3648 2-a

336 3767 482 3822 idicesA
533 3768 1013 3839 2siiurislsiurisd1siuirisP
1060 3771 1278 3842 iimpertiriR
1332 3772 1436 3827 5deum

294 3857 513 3925 omnipotentem
532 3858 560 3913 R
633 3859 791 3913 ddelictis·
806 3860 842 3912 M
912 3863 1064 3915 secueriora
1083 3862 1118 3915 M
1188 3864 1312 3933 ineque
1331 3880 1346 3917 a
1365 3862 1436 3917 nobis
1525 3868 1526 3923 l

294 3961 349 3997 om.
369 3945 396 3998 a
498 3947 566 4016 mro]
588 3948 678 4017 aequo
697 3948 726 4003 n
815 3948 984 4017 reimpartiri
1002 3948 1030 4003 n
1121 3953 1151 4004 ιι
1174 3953 1271 4007 mereri
1290 3951 1395 4007 delictis
1412 3951 1437 4005 n
1525 3925 1526 4005 l

298 4034 331 4085 12
351 4032 477 4103 adiungis
497 4035 532 4099 (is
552 4052 585 4088 ex
603 4051 671 4089 corr.
690 4054 724 4089 m.
736 4042 763 4103 1)
783 4037 821 4089 M
905 4038 937 4091 13
958 4038 1104 4104 deienlda,
1123 4044 1190 4096 ιιι.2
1208 4040 1397 4095 delenldenda
1415 4042 1439 4092 P

298 4123 332 4175 14
351 4122 473 4175 innoxios
492 4122 525 4175 K
579 4124 612 4177 16
631 4125 740 4178 suntR
802 4128 833 4179 ll
852 4127 911 4197 ipse
930 4128 961 4180 in
974 4128 1080 4197 fineu.
1099 4145 1149 4183 ona.
1170 4130 1197 4181 A
1313 4128 1436 4183 kalendas
1525 4130 1526 4207 l

294 4212 385 4264 iunias
403 4213 431 4265 P
503 4214 535 4266 18
554 4214 626 4268 festa
644 4214 681 4268 M
752 4217 785 4269 19
804 4216 990 4282 insolenti-(a
1009 4218 1091 4288 eras.)
1110 4236 1160 4273 usu
1180 4218 1207 4271 P
1278 4220 1311 4273 23
1332 4217 1433 4285 deinde}

297 4299 414 4369 denique
432 4301 460 4355 R
513 4304 549 4356 24
567 4304 757 4357 notissith
827 4306 923 4368 ordini,
943 4322 1012 4361 corr.
1032 4313 1096 4363 ml
1116 4306 1262 4363 crdiueM
1307 4310 1340 4363 25
1355 4307 1436 4362 ueluti
1525 4318 1526 4387 p

296 4388 392 4441 MAK
445 4393 478 4444 26
497 4396 560 4461 post
578 4392 661 4446 tridie
679 4393 800 4448 MFPK
816 4400 925 4465 postera
945 4396 988 4449 dic
1007 4397 1062 4452 AR
1133 4397 1248 4467 proditis
1267 4397 1295 4452 R
