3092 5217
378 511 643 580 epistularum
670 510 740 564 XLI.
763 510 847 563 XLII.
870 509 968 564 XLIII.

613 701 727 766 XLIII.

113 840 257 896 DOIIINIS
271 841 535 896 umucrlssmsss
548 841 594 895 ΕΤ
607 841 745 897 ΜΕΒΙΤΟ
760 843 1032 899 PRAEDICANDIS
1046 843 1247 898 FRATRIBUS

114 930 247 994 cuculo,
266 929 431 992 ELEUSIO,
450 929 651 994 eumeleus,
672 930 912 987 GRAMMATICO
931 933 975 986 ΕΤ
997 931 1155 997 CETERIS,
1171 931 1246 996 QUI·

333 1019 402 1073 BUS
421 1017 496 1074 Hoc
515 1019 664 1075 GRATUM
683 1021 757 1085 EST,
777 1020 1014 1076 AUGUSTINUS.

46 1156 99 1217 lle
152 1145 233 1210 Dixit
257 1146 386 1228 quidem
410 1146 575 1227 apostolus
598 1147 735 1212 Paulus:
757 1148 1020 1212 Haereticam
1048 1147 1247 1214 hominem

114 1257 339 1335 postauam
368 1254 667 1337 correptionem
696 1254 835 1320 deuito
864 1255 1011 1332 sciens,
1040 1255 1133 1336 quia
1162 1253 1247 1317 sub·

115 1377 252 1423 uorsus
278 1362 341 1424 est
363 1360 452 1424 eius
475 1360 580 1425 modi
606 1365 644 1424 et
666 1364 809 1442 peccat
832 1363 870 1425 et
894 1365 956 1427 est
975 1379 992 1424 a
1012 1361 1247 1442 semetipso

114 1464 325 1530 damnatus.
358 1466 414 1530 sod
439 1466 495 1548 qui
517 1467 705 1531 sententiam
731 1487 821 1532 suam
846 1469 993 1550 quamuis
1016 1468 1129 1532 falsam
1152 1470 1248 1547 atque

112 1591 285 1653 peruersam
313 1573 399 1636 nulla
431 1573 584 1656 pertinaci
615 1573 817 1639 animositate
850 1574 1031 1652 defendunt,
1062 1574 1248 1656 praesertim

79 1707 99 1744 o
115 1699 199 1761 quam
235 1699 297 1742 non
335 1679 468 1743 audacia
503 1681 770 1762 praesumptionis
808 1701 883 1746 suae
915 1684 1113 1765 pepererunt,
1146 1679 1202 1744 sed
1230 1697 1248 1742 a
1350 1675 1353 1682 '

114 1786 245 1850 seductis
270 1789 365 1867 atque
387 1786 420 1849 in
444 1806 579 1851 errorem
602 1788 701 1869 lapsis
724 1788 908 1870 parentibus
932 1791 1132 1871 acceperunt,
1155 1805 1247 1868 quae-

113 1897 180 1956 runt
204 1895 312 1957 autem
340 1896 434 1958 cauta
461 1894 674 1959 solllcitndine
703 1895 871 1960 ueritatem
899 1896 1012 1979 corrigi
1040 1894 1151 1978 parati,
1175 1911 1247 1956 oum

113 1999 292 2078 intrauerint,
316 2019 515 2083 nequaquam
540 2006 615 2065 sunt
640 2002 724 2066 inter
750 2003 927 2067 haereticos
956 2000 1136 2085 deputandi.
1168 1999 1248 2062 tales

115 2125 181 2188 crgo
207 2124 266 2170 uos
293 2106 357 2170 nisi
388 2127 459 2172 csso
492 2109 662 2186 crederem,
695 2109 799 2172 nullas
831 2109 965 2172 fortasse
1000 2107 1093 2172 uobis
1125 2106 1248 2170 litteras

79 2231 100 2266 ιε
114 2211 274 2288 mitterem,
303 2231 495 2294 quamquam
523 2217 556 2278 et
582 2215 688 2297 ipsum
715 2215 909 2280 haereticum
938 2213 1114 2298 quamlibet
1141 2212 1249 2277 odiosa

115 2319 252 2398 superbia
276 2321 437 2384 tumidum
466 2324 499 2385 et
525 2321 705 2403 peruicacia
731 2322 833 2387 malae
862 2321 1070 2386 contentionis
1102 2321 1248 2384 insanum

115 2423 191 2488 sicut
215 2426 382 2490 uitandum
409 2447 587 2507 monemus,
615 2448 654 2492 ne
681 2429 823 2494 infirmos
852 2433 883 2493 et
906 2430 1056 2511 paruulos
1079 2426 1179 2500 sallat,
1203 2425 1250 2488 ita

114 2548 169 2592 uon
195 2531 374 2611 abnuimus,
402 2534 657 2615 quibuscumque
681 2535 784 2599 modis
808 2553 991 2618 possumne,
1016 2532 1248 2616 corrigendum.

114 2636 188 2700 unde
210 2637 410 2717 factumest,
434 2643 472 2704 ut
494 2640 590 2704 etiam
615 2641 653 2705 ad
677 2641 846 2706 nonnullos
870 2639 1110 2704 Donatistarum
1134 2637 1248 2719 prima-

79 2763 100 2804 s
114 2743 171 2805 rios
193 2743 403 2810 scriberemus
426 2764 488 2810 nou
512 2747 808 2813 communicatorias
831 2747 964 2826 litteras,
989 2765 1067 2828 qrras
1090 2745 1151 2809 iam
1174 2744 1249 2808 olim

114 2853 232 2930 propter
254 2870 344 2915 suam
371 2853 613 2934 peruersitatem
647 2853 686 2917 ab
718 2854 841 2918 unitate
874 2853 1039 2930 catholica,
1074 2870 1153 2935 quae
1180 2852 1249 2913 toto

116 2954 182 3018 orbe
208 2956 323 3021 diflusa
350 2961 408 3034 est,
436 2978 498 3023 nou
526 2959 696 3040 accipiunt,
725 2960 781 3024 sed
809 2961 889 3024 tales
917 2959 1068 3043 priuatae,
1101 2956 1249 3040 qualibus

115 3062 198 3126 nobis
229 3063 278 3127 uti
310 3059 477 3129 etiamad
510 3084 649 3148 paganos
681 3066 767 3132 licet.
801 3086 880 3150 quas
912 3066 960 3130 illi
993 3067 1054 3130 etsi
1081 3063 1249 3147 aliquando

196 3279 282 3332 amr.
302 3280 328 3344 3,
349 3281 451 3334 10-11

214 3403 250 3457 Μ
265 3428 301 3450 =
321 3404 380 3458 cod.
399 3405 581 3459 Monacensis
601 3408 682 3459 6266
699 3423 721 3463 c.
740 3407 778 3460 X.

214 3492 244 3545 F
266 3517 302 3539 =
322 3495 380 3547 cod.
400 3492 621 3564 Salisburqeasis
640 3495 671 3547 X
688 3498 729 3548 29
745 3511 767 3549 c.
788 3496 909 3548 X—XI.

214 3582 240 3633 A
267 3606 302 3628 =
322 3581 381 3636 cod.
400 3582 710 3651 Audomaropotitaaue
731 3586 778 3646 76,
799 3585 825 3650 8,
848 3587 865 3638 9
883 3600 903 3636 e.
923 3583 1045 3637 Χ-ΧΙ.

215 3669 242 3722 P
266 3694 300 3715 =
321 3670 380 3726 cod.
399 3669 549 3724 Pontinus
566 3688 631 3724 nou.
652 3688 711 3740 acc.
730 3675 809 3725 1444
827 3687 848 3726 a.
867 3673 924 3726 XI.

214 3757 241 3811 R
265 3784 301 3804 =
320 3760 378 3813 eod.
397 3759 473 3814 Mus.
492 3759 565 3813 Brit.
584 3759 650 3829 Req.
673 3765 689 3814 5
710 3760 738 3813 D
763 3760 806 3814 VI
821 3777 843 3814 a.
862 3761 1019 3814 XI-XII.

148 3883 164 3934 3
182 3881 265 3951 glorta
277 3885 281 3951 ξ
293 3883 400 3936 uleusio
420 3884 452 3936 M
525 3885 632 3952 ceterIs]
653 3884 750 3938 ceteris
770 3883 894 3937 omnibus
914 3883 973 3937 cdd.
1031 3884 1046 3937 7
1066 3901 1083 3937 a
1100 3885 1131 3937 iu
1145 3883 1205 3952 fiac
1224 3901 1250 3938 u.

117 3987 172 4032 oue„
189 3976 251 4025 m.2
269 3971 336 4026 add.
355 3972 383 4024 P
470 3973 487 4026 8
506 3973 625 4039 dunuat,
643 3976 710 4027 m.2
728 3972 871 4026 damnatus
890 3973 917 4026 P
1006 3973 1069 4042 quid
1088 3973 1126 4027 Μ
1144 3971 1172 4038 (cl
1191 3989 1251 4041 exp.

119 4075 149 4109 cr.
158 4062 186 4125 2)
205 4058 258 4113 Fr
357 4060 446 4130 adque
463 4062 502 4115 Μ
591 4063 624 4116 10
642 4065 836 4131 peperererunt
856 4061 985 4127 (alterum
1004 4078 1032 4116 re
1051 4078 1109 4130 cap.
1129 4079 1163 4115 cn.
1174 4062 1199 4130 1)
1216 4060 1255 4114 M

122 4147 148 4199 ll
167 4147 195 4200 in
214 4149 337 4218 errorem]
356 4150 552 4218 interrogarem
570 4148 637 4203 ΜΡ
652 4152 729 4215 (16.2
747 4149 799 4204 del.
819 4165 847 4203 ro
867 4154 892 4202 et
909 4153 948 4215 m)
968 4153 999 4203 ut
1017 4150 1211 4218 interrogarem
1226 4149 1254 4200 A

120 4236 340 4292 lunisiana!
409 4238 485 4292 nulla
502 4239 530 4291 A
602 4239 709 4292 litteras
727 4236 808 4290 uobis
828 4238 854 4290 P
897 4237 930 4290 18
948 4237 1102 4301 habuimus,
1121 4241 1188 4293 m.2
1205 4237 1252 4290 ab·

118 4324 219 4378 unimus
237 4325 264 4378 P
373 4327 508 4396 possImus
525 4325 616 4380 MFA
714 4327 746 4380 19
766 4343 783 4379 a
800 4326 946 4390 nonnullis,
966 4341 1035 4380 corr.
1055 4330 1114 4380 ml
1133 4326 1167 4379 ad
1185 4342 1252 4379 nou-

117 4411 201 4465 nullos
218 4413 256 4466 M
305 4415 340 4468 20
359 4415 578 4468 commonitorias
596 4414 631 4466 Μ
684 4416 719 4468 ’23
738 4418 770 4468 ut
788 4415 815 4468 A
887 4430 911 4480 a,
931 4417 996 4468 m.2
1014 4413 1047 4466 ad
1066 4414 1095 4466 P
