3092 5217
235 497 298 560 110
597 494 623 550 S.
652 494 788 548 Aureli
817 495 1034 564 Augustini

233 707 331 772 parua
357 691 518 770 praeterea
546 689 641 753 turba
668 689 828 753 confluxit.
859 689 914 754 sed
942 690 973 754 in
1002 693 1071 754 tota
1097 691 1154 754 illa
1176 690 1383 756 multitudine

232 795 381 879 perpauci
414 795 616 879 apparebant,
649 797 704 878 qui
737 795 861 860 utiliter
893 813 929 860 ao
962 797 1131 863 salubriter
1163 798 1215 882 agi
1253 816 1384 862 eausam

230 902 320 966 illam
349 905 382 966 et
408 904 530 967 tantam
558 901 666 984 reique
694 905 802 966 tantae
832 902 1050 985 quaestionum
1078 903 1248 986 prudenter
1275 907 1308 968 et
1329 904 1383 985 pic

232 1009 350 1075 discuti
382 1011 543 1092 cuperent.
576 1008 674 1074 ceteri
706 1027 783 1073 uero
815 1009 919 1092 magis
957 1009 997 1073 ad
1036 1009 1253 1093 spectaculum
1290 1011 1383 1092 quasi

231 1116 448 1181 altercationis
480 1118 606 1180 nostrae
637 1134 736 1197 prope
767 1115 920 1181 theatrica
955 1116 1183 1182 consuetudine
1215 1136 1310 1200 quam
1342 1118 1383 1182 ad
1409 1143 1420 1184 a

230 1223 473 1287 instructionem
506 1222 620 1287 salutis
645 1222 825 1288 Christiana
857 1221 1027 1288 deuotione
1055 1227 1277 1289 conuenerant.
1306 1244 1380 1307 qua·

229 1332 358 1413 propter
379 1347 436 1394 neo
460 1329 622 1394 silentium
646 1329 738 1394 nobis
761 1330 909 1412 praebere
933 1348 990 1394 nec
1013 1331 1134 1394 intente
1157 1334 1252 1413 atque
1275 1331 1383 1396 nobis-

231 1454 304 1500 cum
331 1436 475 1501 modeste
503 1436 616 1500 saltam
641 1439 674 1500 ot
696 1435 838 1500 ordinate
861 1436 1010 1519 conloqui
1033 1439 1207 1518 potuerunt
1229 1438 1381 1518 exceptis,

231 1547 269 1608 ut
286 1541 360 1620 dixi,
379 1542 500 1625 paucis,
520 1561 655 1624 quorum
673 1541 825 1626 religiosa
843 1545 875 1606 et
894 1542 1029 1624 simplex
1047 1543 1218 1624 apparebat
1235 1543 1380 1608 intentio.

230 1649 339 1731 itaque
361 1649 460 1713 libere
483 1666 539 1730 pro
563 1647 615 1713 sui
639 1648 795 1730 cuiusque
815 1647 911 1712 animi
930 1650 1019 1712 motu
1038 1649 1233 1714 inmoderate
1251 1649 1380 1731 loquen·
1399 1675 1422 1714 n
1530 1699 1531 1704 1

230 1755 312 1818 tium
340 1755 477 1836 strepitu
505 1755 611 1820 omnia
637 1755 847 1819 turbabantur
874 1772 930 1819 noc
960 1755 1106 1820 euincere
1135 1755 1205 1820 siue
1228 1775 1286 1821 nos
1311 1756 1380 1820 siue

230 1861 300 1944 ipse
326 1862 476 1946 rogando,
503 1861 662 1925 interdum
686 1862 782 1925 etiam
807 1860 1003 1944 obiurgando
1027 1861 1202 1944 potuimus
1226 1865 1264 1926 ut
1286 1862 1378 1927 nobis

230 1967 412 2032 modestum
436 1968 598 2032 silentium
621 1968 832 2051 praeberetur.

185 2080 206 2142 2
274 2074 338 2140 Res
365 2077 471 2138 tamen
501 2078 677 2157 utcumque
705 2074 757 2158 agi
786 2079 898 2157 coepta
924 2078 974 2139 est
1003 2078 1035 2138 et
1066 2073 1190 2157 aliquot
1220 2074 1314 2139 horas
1346 2075 1376 2138 in

118 2209 124 2214 ·
231 2182 351 2246 alterno
380 2200 524 2246 sermone
552 2181 774 2264 protraximus,
799 2183 951 2263 quantum
975 2181 1110 2246 uocibus
1132 2181 1421 2263 interquiescens

230 2288 317 2352 tibus
345 2289 432 2353 uaria
460 2289 727 2353 tumultuantium
755 2287 947 2353 sinebamur.
976 2288 1032 2353 sed
1061 2289 1091 2352 in
1116 2289 1186 2372 ipso
1211 2287 1379 2372 disputati-

230 2395 299 2459 onis
337 2395 462 2460 exordio
500 2415 573 2460 curu
604 2395 787 2459 uideremus
822 2413 868 2474 ea,
902 2415 982 2478 quae
1016 2395 1210 2473 dicebantur,
1244 2394 1377 2460 subinde

228 2501 294 2565 labi
331 2501 369 2566 de
406 2501 558 2568 memoria
596 2502 649 2566 uel
685 2506 795 2567 nostra
830 2502 883 2566 uel
920 2520 1039 2580 eorum,
1073 2521 1207 2584 quorum
1240 2503 1377 2566 salutem

229 2607 365 2672 maxime
397 2607 598 2686 curabamus,
631 2611 664 2672 et
694 2612 732 2672 ut
759 2611 845 2673 esset
872 2608 963 2673 nobis
993 2609 1114 2674 cautior·
1140 2607 1377 2690 modestiorque

229 2715 388 2792 tractatio,
417 2715 515 2779 simul
541 2717 574 2780 ot
601 2733 660 2780 uos
684 2719 779 2797 atque
803 2715 857 2779 alii
879 2715 1002 2792 fratres,
1028 2715 1082 2797 qui
1107 2715 1254 2780 absentes
1278 2719 1419 2790 erantne

229 2820 306 2903 quid
333 2822 416 2886 inter
442 2841 500 2887 nos
528 2824 636 2886 actum
663 2825 759 2899 esset,
788 2821 922 2905 legendo
955 2821 1204 2906 cognosceretis,
1235 2822 1377 2904 postula·

228 2929 348 3006 uimua,
376 2931 414 2993 nt
441 2947 461 2991 a
486 2929 619 2993 notariis
646 2928 744 2993 uerba
770 2933 880 2994 nostra
907 2929 1134 3010 exciperentur.
1169 2929 1224 2994 diu
1253 2928 1291 2993 ab
1318 2929 1375 2994 illo

228 3036 282 3100 uel
318 3036 347 3099 ei
384 3034 656 3099 consentientibus
692 3037 884 3100 reluctatum
923 3038 986 3112 est3
1022 3039 1135 3118 postea
1169 3039 1275 3100 tamen
1307 3035 1375 3117 ipse

229 3142 397 3206 concessit.
435 3141 492 3205 sed
523 3141 649 3217 notarii,
681 3141 735 3224 qui
768 3141 898 3207 aderant
930 3147 1025 3224 atque
1057 3142 1089 3206 id
1118 3146 1246 3207 strenue
1273 3143 1375 3206 lacere

228 3250 384 3330 poterunt,
408 3247 515 3312 nescio
539 3266 601 3330 qua
624 3263 721 3312 causa
743 3249 885 3332 excipere
903 3250 1082 3314 uoluerunt.
1107 3249 1230 3332 egimus
1250 3249 1419 3324 saltemus

229 3358 266 3418 ut
292 3353 416 3432 fratres,
445 3354 500 3435 qui
526 3354 693 3420 nobiscum
721 3358 820 3432 erant,
845 3375 1034 3438 quamquam
1058 3356 1091 3420 in
1114 3356 1173 3420 hac
1196 3375 1229 3419 re
1252 3354 1373 3420 tardius

265 3601 279 3650 1
300 3596 419 3651 conflixit
437 3597 463 3649 A
549 3596 597 3650 sed
614 3596 693 3651 nobis
712 3599 777 3650 inm
867 3599 883 3652 3
903 3597 941 3652 rei
961 3614 1030 3666 quae
1048 3601 1126 3651 tante
1144 3598 1181 3651 M
1198 3601 1278 3667 (quae
1297 3601 1373 3650 tante

227 3687 279 3742 del.
298 3690 374 3753 m.2)
390 3685 420 3740 F
457 3687 474 3740 5
492 3703 576 3755 prope
594 3687 738 3755 theatrica]
755 3687 894 3756 prophete=
912 3688 1005 3752 abrica,
1024 3691 1090 3740 m.2
1108 3703 1155 3756 pro
1171 3686 1224 3756 thel
1243 3687 1327 3740 atriea
1338 3685 1373 3738 M

227 3775 376 3845 prophetae
394 3776 480 3830 abrica
498 3775 528 3828 F
596 3775 789 3830 consuetudine
808 3791 867 3830 eum
886 3791 942 3830 rua.
960 3792 1043 3845 super
1055 3782 1144 3845 poetr.
1164 3777 1181 3831 l.
1201 3775 1238 3828 M
1290 3777 1305 3828 7
1324 3793 1372 3830 no·

226 3865 332 3919 biscum
351 3868 433 3933 atque
451 3864 512 3920 edd.
528 3871 641 3933 praeta
658 3882 678 3918 α
745 3867 800 3920 ’11
822 3866 912 3919 onmia
931 3866 1046 3936 strepitu
1065 3865 1125 3920 edd.
1197 3864 1372 3925 tubabantun

226 3953 535 4008 m.2turbabanturR
552 3954 697 4007 turbantur
714 3953 804 4007 MFA
864 3971 913 4007 uos
931 3953 959 4007 R
1016 3956 1048 4006 ll
1067 3953 1177 4022 aliquod
1196 3951 1261 4006 ΜΡ
1312 3968 1371 4006 oras

225 4043 264 4096 M
280 4046 356 4108 (11.2
374 4041 466 4107 horas)
484 4042 512 4095 P
601 4044 634 4096 15
653 4043 785 4096 alternant
806 4047 873 4108 (raa.
892 4044 1011 4108 1-21.)
1032 4041 1194 4096 Fallernos
1214 4043 1240 4094 A
1316 4057 1371 4094 ser·

226 4138 306 4184 mone
325 4131 352 4183 A
423 4131 571 4200 ptraximus
589 4129 617 4184 R
682 4133 714 4186 19
734 4131 883 4184 modestior
901 4147 970 4199 quae
989 4131 1025 4183 M
1086 4131 1120 4184 20
1140 4131 1178 4199 et]
1200 4133 1230 4183 ut
1248 4129 1326 4184 Fut
1344 4133 1372 4183 et

219 4220 319 4288 slrm
409 4219 469 4272 aliis
489 4221 513 4283 (s
533 4235 592 4287 exp.
610 4237 645 4274 m.
657 4223 686 4283 2)
706 4219 744 4273 M
813 4219 949 4288 21un
1026 4221 1372 4279 22uestra‚m.2nostra

227 4325 295 4362 corr.
314 4307 372 4360 uid.
387 4307 415 4360 R
451 4307 486 4360 23
505 4307 762 4362 consistentibusF
795 4310 1020 4372 alacastona
1038 4307 1188 4362 notariiM
1221 4309 1256 4362 25
1270 4307 1370 4376 excipe,

224 4413 295 4450 corr.
316 4401 374 4450 ua.1
393 4397 514 4466 excipere
533 4396 570 4449 M
