3092 5217
506 530 772 598 epistularum
802 529 897 585 CVIII.
1208 532 1271 596 633

122 723 306 807 plagaretur
325 728 357 788 et
374 725 413 788 ab
433 724 512 807 ipsis
532 724 624 805 quasi
647 724 878 789 mundissimus
903 730 1069 790 amaretur.
1093 727 1156 789 iam
1175 727 1272 790 talem

122 832 292 895 diaconum
311 835 455 897 nostrum
476 835 508 895 et
525 832 630 911 ipsum
647 850 665 893 a
684 849 741 895 suo
761 831 946 915 presbytero
967 833 1273 896 excommunicatum

123 938 272 1003 decessor
308 941 383 1003 tuus
416 938 627 1021 rebaptizauit
658 942 691 1002 et
722 942 865 1002 uestrum
900 938 1065 1002 diaconum
1099 938 1185 1017 ieoit,
1219 940 1273 1021 qui

122 1065 182 1110 non
207 1049 282 1128 post
303 1045 423 1110 multos
448 1044 515 1109 dies
541 1044 712 1109 eorundem
730 1044 937 1126 perditorum,
961 1044 1045 1109 sicut
1068 1044 1271 1124 desiderauit,

94 1153 314 1217 scommixtus
351 1151 482 1216 audacio
520 1155 552 1216 et
592 1151 624 1215 in
661 1154 815 1215 nocturna
856 1150 1058 1234 adgressione
1098 1151 1131 1215 in
1167 1152 1272 1216 medio

121 1260 290 1324 latrocinio
305 1262 401 1340 atque
415 1259 558 1323 incendio
574 1278 632 1323 suo
653 1259 872 1323 subuenientis
888 1258 1103 1323 multitudinis
1118 1277 1274 1323 concursu

122 1370 308 1448 peremptus
332 1370 391 1430 est.
419 1365 453 1429 hi
477 1369 553 1429 sunt
574 1366 698 1431 fructus
723 1365 891 1429 diuisionis
916 1365 1022 1441 huius,
1048 1384 1141 1447 quam
1165 1382 1274 1429 sanare

122 1492 185 1536 non
219 1472 321 1536 uultis
354 1472 401 1537 sic
433 1472 584 1554 fugiendo
617 1472 783 1549 unitatem,
817 1490 910 1553 quern
940 1471 979 1535 ad
1011 1472 1140 1535 modum
1172 1470 1276 1535 fueret

123 1579 195 1661 ipsa
215 1578 331 1643 dinisio
355 1578 516 1661 fugienda,
541 1596 621 1660 quae
640 1598 695 1659 per
714 1598 748 1642 se
767 1578 838 1659 ipsa
857 1577 949 1641 foeda
968 1580 1017 1641 est
1035 1582 1068 1641 et
1087 1577 1274 1641 damnabilis

86 1706 109 1743 ro
129 1685 199 1763 deo,
234 1685 330 1748 etiam
359 1686 386 1748 si
418 1691 546 1767 propter
572 1684 674 1765 ipsam
702 1685 780 1749 haec
809 1687 841 1748 et
867 1685 945 1748 talia
970 1687 1036 1748 tam
1064 1682 1217 1747 horrenda
1245 1686 1277 1746 et

127 1792 265 1856 nefanda
286 1811 347 1856 non
371 1792 491 1857 fierent.

10 1894 82 1959 uno
172 1900 394 1981 Agnoscamus
412 1918 498 1982 ergo,
521 1898 627 1973 trater,
645 1916 757 1980 pacem
778 1897 896 1961 Christi
915 1898 1093 1980 pariterque
1112 1900 1277 1960 teneamus

127 2009 169 2084 et,
195 2009 349 2087 quantum
372 2004 450 2068 deus
475 2003 580 2080 donat,
606 2004 702 2068 simul
725 2004 800 2068 boui
820 2023 891 2068 esse
916 2002 1101 2068 studeamus
1126 2005 1158 2066 et
1181 2000 1278 2065 simul

126 2113 230 2177 matos
258 2112 349 2177 salua
375 2112 498 2175 unitate
526 2114 642 2192 quanta
675 2129 848 2193 possumus
878 2110 1045 2193 disciplina
1073 2106 1277 2173 emendemus

85 2241 109 2278 ιο
128 2224 160 2284 et
174 2223 303 2302 propter
317 2218 419 2302 ipsam
434 2218 588 2282 unitatem
605 2219 722 2297 quanta
735 2236 908 2298 possumus
928 2216 1081 2299 patientia
1094 2215 1277 2289 toleremus,

126 2346 176 2399 na,
220 2326 305 2391 siout
342 2324 488 2390 Christus
525 2324 700 2398 admonuit,
738 2342 812 2387 cum
853 2324 1003 2387 nolumus
1042 2325 1113 2385 ante
1151 2327 1278 2402 tempus

126 2433 277 2516 colligere
310 2432 438 2509 zizania,
477 2450 557 2513 quae
589 2431 703 2494 beatus
737 2429 911 2512 Cyprianus
944 2448 1006 2493 non
1039 2431 1124 2493 extra
1158 2428 1213 2491 sed
1246 2426 1278 2490 in

127 2539 265 2604 ecclesia
301 2538 401 2602 uideri
435 2538 581 2619 cernique
613 2540 752 2600 testatus
786 2539 845 2613 est,
883 2534 1078 2599 eradicemus
1116 2532 1212 2598 simul
1247 2535 1279 2596 et

126 2646 282 2710 triticum.
315 2664 417 2726 neque
446 2644 529 2707 enim
562 2662 595 2707 re
623 2662 699 2707 uera
725 2662 784 2707 uos
813 2642 936 2707 habetis
968 2640 1095 2722 propria
1123 2638 1278 2722 quaedam

86 2775 111 2815 ao
127 2750 298 2833 priuilegia
321 2749 512 2825 sanctitatis,
540 2752 578 2812 ut
604 2768 661 2812 nos
686 2748 831 2831 polluant
853 2747 929 2811 mali
952 2747 1052 2811 nostri
1077 2750 1109 2809 et
1132 2764 1190 2809 uos
1215 2762 1276 2807 non

126 2857 275 2939 polluunt
297 2856 373 2919 mali
396 2855 507 2932 uestri,
538 2857 573 2918 ut
596 2874 653 2919 nos
677 2854 807 2937 entique
830 2852 1032 2930 contaminet,
1061 2872 1156 2934 quam
1178 2851 1278 2915 nesci-

128 2983 213 3038 mus,
246 2962 402 3026 timiditas
434 2962 624 3027 traditorum
653 2965 685 3025 et
716 2979 774 3025 uos
808 2981 867 3025 non
897 2960 1089 3023 contaminet
1119 2975 1278 3041 praesens,

129 3088 223 3152 quam
252 3069 380 3146 uidetis,
413 3068 544 3132 audacia
575 3068 782 3149 perditorum.
811 3084 1020 3151 agnoscamus
1049 3084 1153 3129 ereum
1180 3063 1278 3141 illam,

130 3194 211 3258 quae
247 3174 474 3258 praefigurauit
511 3173 692 3246 ecclesiam
736 3174 832 3237 simul
873 3173 940 3237 illic
977 3172 1095 3235 munda
1133 3169 1280 3234 animalia

89 3309 113 3346 as
131 3283 233 3346 simus
261 3300 319 3345 nec
345 3282 378 3345 in
407 3300 443 3345 ea
475 3281 642 3346 nobiscum
670 3281 766 3344 etiam
794 3278 946 3343 inmunde
972 3279 1090 3361 portari
1117 3296 1219 3359 usque
1246 3277 1276 3339 in

224 3506 258 3558 16
276 3503 375 3557 Matth.
396 3504 438 3567 13,
457 3504 491 3557 29
548 3504 580 3556 17
601 3501 680 3572 Cypr.
700 3520 740 3572 ep.
761 3502 805 3570 54,
824 3504 840 3557 3
859 3520 885 3573 p.
906 3504 966 3565 622,
989 3503 1092 3555 15-17
1113 3502 1153 3556 ed.
1174 3502 1279 3556 Hartel.

169 3648 182 3701 1
203 3651 359 3716 purgaretur,
379 3662 447 3700 corr.
466 3651 528 3699 m.1
548 3645 706 3715 plagaretur
718 3646 746 3697 P
762 3644 920 3715 plagaretur
938 3643 1004 3696 odd.
1024 3643 1055 3695 in
1073 3643 1198 3713 mospius
1215 3654 1284 3695 con*

131 3736 239 3789 iectmu
256 3734 395 3789 lanaretnr
413 3752 429 3787 r
483 3738 631 3788 armaretur
650 3734 731 3799 (eici)
752 3732 785 3785 de
805 3734 858 3786 isto
877 3732 1034 3786 marcellino
1054 3731 1174 3785 scribens
1194 3731 1278 3784 eccle·

133 3824 189 3878 siae
215 3823 340 3877 colonum
366 3811 417 3877 dic.
443 3823 498 3877 iam
520 3824 604 3875 talem
629 3822 655 3874 P
678 3824 814 3875 amaretur
839 3820 871 3873 de
898 3820 950 3873 isto
975 3819 1131 3873 Marcellino
1159 3819 1278 3873 scribens

133 3913 264 3967 ecclesiae
284 3912 408 3967 colonum
427 3912 504 3980 dicis,
522 3912 576 3965 iam
595 3910 678 3964 talem
698 3910 752 3964 VU
761 3910 831 3975 lsr;
849 3910 951 3977 optimo
971 3914 1061 3961 autem
1075 3909 1136 3961 iore
1148 3908 1280 3961 dlourr'ni

131 4002 219 4055 umbo
245 4000 278 4053 de
301 4002 355 4054 isto
378 4001 536 4055 Marcellino
559 4000 679 4053 scribens
703 3999 833 4052 ecclesiae
858 3998 980 4052 colonum
1005 3997 1072 4050 dicit
1091 4000 1281 4063 espunxemnt

131 4097 163 4144 ut
180 4091 434 4159 interpretationem
453 4092 576 4144 adiectam
594 4108 628 4143 eor
641 4106 681 4157 ep.
699 4087 869 4149 CXXXIX,
884 4086 984 4140 2mcd.
1005 4086 1156 4153 consectam
1174 4090 1199 4138 ct
1218 4083 1282 4137 huic

135 4180 195 4233 ioco
213 4180 370 4248 antiquitus
388 4180 560 4247 adscriptam
656 4177 820 4230 dardaniae
845 4174 898 4229 VU
915 4175 974 4229 edd.
1072 4176 1236 4229 decucursd
1256 4172 1283 4224 P

134 4269 150 4321 9
169 4285 218 4337 per
236 4284 265 4321 se
284 4267 371 4337 ipsam
396 4266 447 4320 Π]
463 4266 523 4323 edd.
634 4266 666 4319 10
685 4268 767 4318 etiam
787 4265 819 4333 si]
841 4265 893 4317 etsi
916 4263 970 4317 Π]
988 4262 1047 4316 edd.
1145 4262 1199 4315 ulia
1222 4260 1281 4314 Vm

136 4358 167 4410 17
188 4362 265 4411 extra
283 4372 312 4409 se
331 4355 380 4409 aed
398 4354 517 4410 VUler
562 4355 597 4408 20
615 4356 676 4423 nos}
696 4370 745 4406 uos
769 4352 823 4407 VU
842 4353 897 4406 ter
951 4352 1010 4422 uos]
1031 4368 1107 4405 noas
1152 4350 1186 4404 22
1206 4350 1280 4403 timi-

135 4446 182 4500 das
200 4447 228 4500 P
276 4446 413 4501 assinos
433 4446 645 4513 om.‚o'nmarp.
667 4442 732 4495 odd.
757 4441 890 4495 Usumus
911 4440 937 4493 P
1007 4458 1041 4494 ne
1059 4440 1087 4493 P
