3092 5217
371 483 638 554 epistularum
665 486 814 541 LXXXIII.
834 488 976 543 LXXXIV.
1184 495 1249 561 393

113 676 257 741 interdum
281 677 489 762 perexiguas
513 679 673 744 chartulas
697 681 839 762 loquitur·
863 686 895 747 et
917 704 970 749 eas
995 684 1123 767 quidem
1141 688 1249 769 plures

113 785 233 849 aliarum
276 804 422 850 curarum
464 790 496 850 et
536 786 735 871 negotiorum
778 790 909 855 refertas
952 811 1045 874 quarn
1087 796 1249 875 portantes

113 891 221 973 aliquid
243 895 423 957 nostrorum
447 894 478 957 in
504 893 622 958 Christi
646 895 807 959 suauitate
830 900 1006 977 pratorum!

64 996 78 1056 1
151 998 207 1062 Hie
238 999 371 1064 forsitan
403 1000 507 1065 dicas:
541 999 635 1079 ‘Quid
667 1002 772 1066 enim?
805 1006 837 1067 ct
870 1005 953 1087 apud
986 1025 1043 1071 nos
1080 1025 1248 1089 germanus

88 1124 193 1169 eruens
220 1105 373 1170 eeclesiae
401 1124 462 1170 non
491 1108 552 1171 erit
573 1107 664 1172 utilis
688 1111 744 1172 aut
766 1114 894 1193 propter
917 1111 1003 1175 aliud
1027 1132 1099 1179 cum
1123 1132 1249 1179 mecunr

111 1211 214 1276 babere
237 1212 414 1277 desidero?
435 1214 528 1295 plane
552 1214 580 1278 si
603 1217 727 1279 tantum
751 1216 805 1290 ibi,
831 1220 984 1298 quantum
1007 1219 1058 1283 hic
1081 1220 1160 1284 milri
1179 1222 1248 1285 eius

111 1319 275 1399 praesentia
306 1319 466 1385 lucrandis
499 1320 553 1384 uel
584 1321 730 1404 regendis
759 1322 875 1387 ouibus
904 1323 1022 1389 domini
1050 1326 1139 1392 utilis
1161 1327 1248 1393 uide-

110 1428 196 1501 retur,
225 1444 286 1490 non
320 1426 390 1490 dico
423 1425 573 1490 duritiam
607 1425 662 1490 sed
695 1426 896 1509 iniquitatem
928 1449 1029 1493 meam
1063 1450 1154 1496 uerno
1187 1452 1247 1498 non

110 1534 169 1596 iure
194 1532 345 1614 culparet.
378 1532 434 1597 sed
457 1552 529 1598 oum
554 1533 666 1597 Latina
688 1534 806 1617 lingua,
833 1536 923 1601 cuius
947 1536 1053 1619 inopia
1075 1539 1105 1602 in
1130 1540 1248 1604 nostris

79 1665 97 1701 ιι
110 1638 278 1723 regionibus
307 1641 493 1724 euangelica
516 1640 708 1722 dispensatio
732 1641 871 1705 multum
895 1643 1027 1723 laborat,
1051 1644 1117 1710 illic
1141 1650 1247 1711 aulem

112 1746 241 1810 eiusdem
264 1747 391 1831 linguae
415 1766 494 1811 usus
519 1748 644 1812 omnino
668 1748 720 1825 sit,
744 1749 897 1813 —itane
926 1770 1035 1815 censes
1063 1771 1121 1817 nos
1150 1753 1248 1817 saluti

111 1853 238 1933 plebium
271 1853 391 1941 domini
424 1858 567 1936 oportere
600 1854 772 1932 consulere,
800 1858 837 1919 ut
858 1855 938 1921 hano
961 1858 1146 1923 facultatem
1169 1859 1246 1923 illue

110 1960 264 2023 mittamus
296 1964 329 2025 et
360 1960 435 2024 hinc
466 1961 656 2039 auferamus,
689 1962 745 2026 ubi
780 1981 849 2027 eam
881 1982 994 2048 magno
1024 1964 1128 2031 cordis
1156 1970 1248 2030 aestu

110 2067 310 2147 requirimus?
338 2068 378 2131 da
404 2067 513 2150 itaque
536 2067 672 2146 ueniam,
703 2069 787 2150 quod
810 2087 871 2133 non
896 2071 1001 2133 solum
1024 2075 1131 2136 contra
1154 2074 1247 2137 tuum

78 2194 97 2232 15
111 2173 290 2238 desiderium
323 2174 381 2239 sed
413 2174 508 2239 etiam
541 2178 649 2239 contra
676 2194 802 2240 sensum
833 2195 938 2239 meum
967 2177 1059 2255 facio,
1088 2177 1172 2261 quod
1196 2198 1246 2243 mc

110 2280 197 2343 lacere
225 2280 366 2345 sarcinae
393 2284 519 2345 nostrae
549 2300 624 2359 cura
652 2282 849 2365 constringit.
885 2280 973 2346 dabit
1000 2284 1057 2347 tibi
1088 2284 1245 2360 dominus,

110 2386 136 2449 in
165 2408 223 2469 quo
255 2388 396 2470 posuisti
424 2391 608 2465 cortuum,
637 2392 675 2454 ut
702 2389 785 2452 tales
814 2387 878 2452 sint
901 2389 1024 2454 labores
1048 2391 1106 2468 tui,
1130 2394 1168 2456 ut
1188 2410 1245 2475 pro

112 2495 164 2559 isto
180 2494 333 2559 beneficio
353 2496 579 2571 remunereris;
600 2496 645 2559 sic
666 2494 749 2558 enim
768 2494 932 2578 regionum
947 2499 1124 2561 nostrarum
1141 2498 1248 2563 arden-

111 2602 239 2667 tissimae
267 2602 323 2666 siti
354 2602 521 2666 diaconum
544 2601 704 2666 Lucillum
727 2604 763 2665 tu
788 2601 895 2685 potius
920 2603 1121 2678 concessisti;
1147 2623 1247 2688 neque

77 2732 96 2768 ιι
112 2708 182 2771 enim
212 2729 323 2792 parum
355 2708 544 2792 praestabis,
576 2728 649 2773 cum
682 2709 720 2771 de
753 2706 813 2771 hac
841 2727 875 2771 re
902 2709 991 2773 nulla
1017 2709 1168 2791 petitione
1196 2732 1247 2776 me

110 2815 230 2881 ulterius
255 2816 410 2894 onerabis,
434 2835 472 2879 ne
494 2816 576 2881 nibil
598 2814 686 2879 aliud
710 2834 805 2896 quam
829 2813 937 2878 dirrior
960 2835 1124 2899 appaream
1154 2836 1246 2882 uane-

110 2922 191 2986 rabili
211 2923 291 2987 mihi
315 2927 347 2987 et
370 2927 497 2987 sanctae
521 2922 753 2987 beniuolentiae
778 2924 862 2986 tuae.

140 3112 356 3183 tnagiorumT
421 3112 611 3167 3suaniteT
677 3114 761 3166 4uos
785 3112 812 3166 U
876 3112 1034 3166 bdesidero
1054 3130 1088 3167 ex
1107 3111 1245 3167 desideras

112 3200 200 3255 mlR
250 3202 299 3272 ibi]
313 3201 367 3255 tibi
380 3202 474 3269 flrm
515 3201 671 3255 'luideatur
687 3200 741 3254 VU
775 3202 997 3256 9anocolutboar
1011 3217 1148 3255 remouere
1161 3217 1245 3255 corra-

112 3289 203 3344 bantur
215 3291 349 3345 Macrini
365 3291 549 3345 corrieclamea
562 3290 611 3344 sed
630 3306 689 3344 curn
709 3290 809 3344 calleat
822 3291 949 3343 Latinam
969 3290 1089 3359 linguam
1146 3290 1246 3343 Latina

112 3378 195 3447 lingna
216 3381 302 3449 cuins]
323 3382 392 3435 Atat.
410 3380 557 3435 Arnoldua
575 3380 623 3445 (do
641 3381 671 3435 la
690 3380 791 3433 lecture
810 3380 842 3433 de
861 3380 880 3432 l'
899 3380 1016 3433 reaturo
1033 3379 1133 3443 sainte,
1152 3380 1245 3433 Paris.

111 3468 217 3521 16801.
240 3469 279 3522 Π
299 3485 320 3524 c.
345 3472 394 3534 10)
418 3469 533 3523 coniecit
554 3469 674 3523 Punicae
697 3469 808 3538 linguae
901 3470 931 3521 11
957 3469 1047 3521 itane»
1071 3472 1094 3533 (c
1118 3473 1199 3533 eras.)
1218 3467 1246 3521 R

113 3558 139 3609 12
156 3556 205 3610 d'm
224 3557 258 3609 Η
341 3558 399 3611 illic
417 3558 495 3611 codd.
515 3558 576 3613 edd.
590 3563 740 3627 prosterni
832 3559 864 3611 l‘i
884 3556 985 3611 laboris
1002 3557 1036 3609 Η
1125 3557 1158 3610 18
1177 3558 1201 3610 ai
1223 3558 1249 3610 Τ

113 3646 141 3699 19
156 3662 196 3713 ne,
214 3664 281 3702 cor-r.
300 3652 360 3701 m.1
378 3662 466 3716 neque
489 3645 517 3702 U
590 3646 626 3700 20
643 3646 796 3716 praestabis
815 3662 848 3700 aa
866 3646 1042 3715 praestabitis
1061 3649 1121 3699 ool
1139 3644 1166 3698 R
1184 3662 1245 3715 pre-

112 3735 185 3789 stabit
206 3736 261 3791 VU
905 3734 912 3745 ⁶
