3092 5217
523 508 786 577 epistularum
816 507 908 563 CXIX.
1224 511 1284 574 701

143 723 347 789 personarum
373 704 515 768 trinitate
548 703 682 768 huiusce
714 702 800 767 modi
828 704 925 767 uerba
952 703 1141 786 conscripsi:
1169 703 1287 778 ‘Deus¹‚

142 811 282 894 inquam,
306 812 399 874 ‘unus
429 813 489 887 est,
517 828 669 892 personae
696 811 762 873 tres
791 813 875 873 sunt.
905 810 983 873 deus
1010 809 1201 874 indiscretus
1230 813 1288 886 εεῖ,

142 937 293 999 personae
322 918 477 982 discretae
505 919 587 981 sunt.
617 915 695 980 deus
722 915 807 979 intra
834 916 948 993 omnia,
983 919 1069 980 trans
1098 916 1202 980 omnia
1230 921 1289 994 est,

142 1024 256 1089 ultima
282 1024 426 1101 includit,
454 1023 560 1087 media
581 1023 704 1105 implet,
733 1040 860 1086 summa
882 1022 1087 1100 transcendit,
1115 1022 1199 1086 ultra
1223 1023 1289 1087 uni-

109 1151 235 1196 suersa
263 1133 296 1195 et
321 1151 377 1214 per
403 1130 553 1194 uniuersa
581 1128 782 1204 diffunditur;
811 1147 962 1211 personae
991 1132 1097 1194 autem
1127 1128 1189 1194 sibi
1217 1147 1289 1193 con-

142 1242 265 1302 stantes
283 1237 475 1321 proprietate
497 1239 711 1313 secernuntur,
731 1253 793 1300 non
809 1235 993 1301 confusione
1008 1236 1191 1300 miscentur.
1213 1236 1291 1300 dens

141 1364 217 1427 ergo
246 1364 327 1408 unus
352 1347 402 1408 est
425 1348 457 1408 et
479 1344 597 1425 ubique
620 1345 680 1421 est,
705 1342 779 1424 quia
803 1345 835 1406 et
858 1343 940 1406 alius
967 1345 1091 1425 praeter
1112 1341 1204 1406 illum
1227 1361 1287 1407 uon

141 1455 193 1516 est
211 1455 243 1515 et
264 1452 356 1516 locus
379 1452 510 1516 nonest
532 1469 665 1527 uacuus,
688 1449 745 1513 ubi
764 1469 834 1514 esse
859 1450 940 1514 alius
963 1450 1077 1533 possit.
1100 1449 1193 1533 plena
1216 1452 1290 1515 sunt

141 1557 200 1623 deo
225 1557 331 1621 omnia
354 1560 387 1620 et
413 1558 537 1638 praeter
561 1554 656 1619 deum
684 1554 763 1618 nihil
787 1557 845 1619 est.
875 1555 943 1636 ipse
967 1558 1017 1618 est
1039 1554 1069 1618 in
1093 1557 1193 1637 patre,
1221 1555 1289 1637 ipse

97 1689 121 1727 io
138 1665 170 1727 in
200 1662 278 1740 filio,
306 1663 375 1746 ipse
403 1662 435 1725 in
463 1661 577 1744 spiritu
606 1663 715 1726 sancto
740 1679 776 1724 ac
803 1680 860 1743 por
887 1661 946 1726 hoo
975 1665 1121 1744 pateret
1146 1661 1232 1726 filius
1257 1664 1289 1726 et

140 1771 273 1853 spiritus
302 1772 432 1834 sanctus
459 1785 520 1832 non
548 1769 657 1849 plures
686 1767 747 1843 dei,
777 1767 832 1831 sed
859 1767 928 1850 ipse
956 1787 1039 1832 unus
1063 1768 1141 1832 deus
1166 1771 1228 1842 est;
1258 1771 1290 1832 et

140 1897 202 1941 non
236 1879 286 1942 est
315 1877 384 1959 ipse
416 1878 515 1958 pater,
548 1876 602 1957 qui
634 1879 685 1940 est
720 1874 816 1953 filius,
849 1893 907 1938 neo
940 1874 1036 1952 filius,
1070 1875 1125 1958 qui
1158 1873 1288 1956 spiritus

139 1986 282 2050 sanctus.
309 1986 398 2066 pater
420 1983 451 2046 in
476 1981 541 2046 filio
566 1989 625 2058 est,
652 1982 738 2046 filius
762 1983 793 2045 in
816 1984 916 2064 patre,
943 1981 975 2046 in
999 1985 1132 2064 utroque
1157 1981 1288 2064 spiritus

139 2093 281 2166 sanctus,
311 2089 385 2171 quia
416 2089 449 2152 in
476 2089 579 2153 tribus
606 2108 736 2154 numero
765 2108 826 2152 non
855 2088 972 2167 ordine,
1004 2088 1036 2151 id
1065 2091 1115 2154 est
1145 2088 1287 2170 personis

97 2215 201 2261 ieron
234 2195 354 2260 uirtute
387 2194 533 2259 discretis
566 2214 648 2259 unus
682 2198 777 2277 atque
809 2195 1015 2260 indiuisibilis
1047 2195 1171 2259 habitat
1198 2194 1287 2259 dens.

138 2303 255 2377 omnia,
284 2320 364 2384 quae
390 2301 489 2382 patris
518 2305 602 2378 sunt,
630 2301 689 2364 filii
716 2304 791 2365 sunt
815 2305 856 2378 et,
886 2320 963 2383 quae
992 2301 1049 2365 filii
1077 2304 1161 2377 sunt,
1189 2299 1288 2383 patris

138 2412 215 2473 sunt
238 2415 279 2485 ot,
305 2426 385 2488 quae
414 2409 580 2489 utriusque
609 2412 693 2483 sunt,
723 2407 855 2490 spiritus
884 2407 985 2472 sancti
1014 2411 1099 2484 suut,
1125 2407 1198 2489 quia
1225 2426 1287 2470 non

137 2515 232 2598 quasi
259 2514 421 2597 aequalem
455 2513 511 2578 sed
538 2513 678 2590 eandem,
711 2515 745 2578 id
779 2517 828 2579 est
860 2514 981 2579 unitam
1014 2535 1075 2580 non
1108 2516 1285 2597 separatam

137 2620 302 2704 possident
340 2619 553 2684 substantiam
586 2620 728 2696 deitatis3
767 2626 800 2685 et
836 2621 906 2685 ideo
943 2622 995 2686 uel
1033 2621 1200 2685 maiestate
1232 2621 1285 2684 uel

95 2755 120 2793 (ο
137 2731 243 2792 aetate
267 2728 346 2791 alter
374 2729 508 2791 alterum
532 2747 592 2790 non
620 2728 790 2809 praecedit,
816 2729 890 2810 quia
913 2728 1022 2806 diuidi,
1048 2726 1132 2810 quod
1156 2727 1283 2809 plenum

137 2840 198 2908 est,
231 2853 292 2898 non
325 2836 432 2917 potest
460 2851 518 2898 nec
547 2838 596 2898 est
622 2834 653 2897 in
686 2834 881 2916 plenitudine
910 2834 1041 2916 aliquid,
1071 2834 1155 2918 quod
1182 2834 1286 2915 possit

135 2940 367 3025 plenitudinem
396 2958 541 3022 separare
565 2944 597 3005 at
618 2941 766 3005 maio‘rem
797 2941 852 3005 uni
885 2941 1038 3004 minorem
1063 2939 1152 3005 altori
1181 2941 1284 3004 facore

135 3048 324 3129 portionem.
348 3047 380 3110 in
403 3046 548 3128 personis
574 3050 760 3111 autemnon
783 3046 830 3111 ila
848 3051 908 3125 est,
933 3047 1007 3129 quia
1029 3047 1128 3129 patris
1152 3064 1285 3129 persona

135 3175 197 3219 non
224 3157 275 3217 est
301 3152 359 3216 filii
382 3171 440 3217 nec
467 3151 525 3216 filii
553 3172 686 3236 persona
710 3154 819 3218 eadem
844 3157 893 3218 est
920 3155 1052 3237 spiritus
1082 3153 1193 3217 sancti.
1222 3173 1285 3216 una

93 3287 118 3326 a
135 3262 242 3325 uirtus
270 3265 330 3338 ost,
364 3280 457 3342 quam
486 3261 569 3325 trina
599 3261 743 3342 possidet
775 3261 890 3336 uirtus
923 3279 985 3323 una
1018 3259 1197 3325 substantia
1224 3262 1284 3336 est,

136 3369 168 3431 in
204 3385 266 3449 qua
296 3367 358 3431 tria
390 3369 475 3443 sunt,
508 3387 588 3449 quae
622 3368 808 3433 subsistunt.
841 3371 930 3452 pater
963 3387 1036 3452 ergo
1071 3368 1103 3431 et
1133 3365 1220 3431 filius
1253 3369 1286 3428 et

137 3473 270 3556 spiritus
294 3476 423 3537 sanctus
446 3473 612 3538 maiestate
633 3475 752 3556 ubique
776 3480 860 3552 sunt,
886 3474 959 3555 quia
982 3494 1079 3539 umnn
1104 3477 1188 3550 sunt,
1217 3491 1286 3555 per-

136 3580 225 3645 sonis
247 3582 372 3643 tantum
396 3580 481 3662 apud
509 3599 542 3644 se
570 3584 654 3658 sunt,
680 3582 754 3663 quia
777 3584 841 3646 tres
865 3582 959 3646 sunt'.
989 3585 1020 3645 et
1044 3579 1165 3664 reliqua
1188 3579 1283 3643 huius

135 3686 224 3750 modi
251 3690 358 3749 texens
386 3705 452 3749 rem
480 3706 516 3750 eo
544 3705 646 3768 usque
675 3687 799 3765 deduxi,
827 3692 864 3752 ut
891 3690 1071 3771 praesentes
1100 3687 1227 3769 quidem
1252 3690 1285 3750 et

174 3896 365 3950 lhuiusmodi
387 3895 465 3949 OPT
481 3895 540 3949 edd.
622 3897 727 3949 2urrus
746 3899 789 3950 est
807 3900 835 3950 et
852 3913 982 3967 personae
1001 3895 1061 3951 edd.
1134 3881 1285 3961 5s‘i,m.2

134 4002 224 4054 supra
247 3985 300 4038 sibi
322 3985 350 4037 Β
372 3989 437 4038 sunt
462 3985 539 4037 OPT
560 3984 621 4041 edd.
639 3991 754 4053 practer
771 4003 797 4038 m
907 3986 939 4040 10
962 3987 1020 4055 per]
1045 3989 1108 4054 post
1128 3984 1207 4038 OPT
1223 3981 1283 4037 edd.

130 4080 247 4142 praeter
264 4091 290 4127 m
381 4075 411 4126 ll
434 4073 461 4126 dl
480 4079 525 4138 (=
544 4072 599 4141 dei)
618 4074 676 4127 ΒΤ
692 4074 730 4127 dii
751 4075 802 4128 ΟΡ
819 4074 878 4128 edd.
979 4078 1022 4128 est
1040 4073 1106 4127 deus
1126 4073 1206 4128 OPT
1222 4071 1282 4126 edd.

138 4164 171 4216 12
191 4163 238 4231 qni
257 4167 299 4215 est
317 4163 428 4231 spiritus
447 4163 508 4216 edd.
571 4164 604 4216 17
622 4164 729 4232 utriusq
748 4180 809 4216 eum
822 4181 920 4232 parua
934 4169 999 4232 post
1019 4165 1038 4233 (Ῑ
1054 4180 1111 4218 ras.
1130 4164 1158 4216 Β
1230 4179 1284 4216 non

136 4250 215 4320 quasi
234 4267 285 4304 om.
308 4250 386 4304 ΟΡΤ
402 4251 462 4304 edd.
476 4257 625 4320 praeterat
698 4252 731 4305 18
751 4252 857 4305 unicam
876 4252 935 4307 edd.
1008 4255 1043 4307 22
1061 4269 1185 4322 reparare
1208 4251 1286 4306 OPT

136 4338 196 4392 edd.
212 4344 360 4407 praetem
467 4339 609 4410 minorem]
631 4341 760 4393 maiorem
782 4340 834 4394 OT
940 4342 974 4394 26
998 4345 1110 4410 etpost
1134 4358 1198 4411 ergo
1222 4357 1283 4399 om..

135 4425 252 4493 m.1l?)
273 4427 338 4481 add.
357 4429 385 4481 Β
438 4427 472 4480 27
492 4428 592 4497 ubique
612 4433 654 4482 est
673 4429 735 4497 qnia
759 4429 784 4481 Τ
