3092 5217
515 510 780 578 epistularum
811 509 932 565 CXVII.
1232 515 1293 577 671

144 706 179 767 te
198 703 293 788 figere
313 706 463 770 uolumus
476 705 751 770 constantissimae
770 705 953 770 intentionis
970 705 1098 770 domum
1114 709 1154 770 at
1165 706 1297 770 securis-

146 810 263 874 simam
285 813 427 895 requiem
446 812 549 876 omnis
573 812 672 877 bonae
696 815 792 894 atquo
815 812 967 876 honestae
992 813 1125 878 actionis
1148 813 1233 877 tuae.
1259 831 1296 877 an

144 917 230 982 forte
256 918 353 984 istam
380 920 483 1002 ipsam
511 922 666 984 terrenam
693 919 891 997 felicitatem,
920 935 1015 1002 quam
1039 919 1296 995 commemoraui,

146 1023 176 1090 si
199 1027 342 1109 prosperi
363 1026 500 1091 rumoris
525 1043 601 1090 aura
623 1029 680 1091 out
703 1026 798 1090 etiam
821 1025 951 1091 flatibus
974 1028 1047 1090 uela
1069 1025 1233 1109 pandendo
1259 1026 1295 1090 ad

113 1151 218 1196 seam
244 1134 388 1214 potueris
415 1134 589 1215 peruenire,
621 1133 701 1197 banc
729 1132 824 1197 etiam
854 1132 977 1216 cogitas
1010 1132 1124 1197 referre
1152 1133 1183 1197 in
1212 1130 1298 1196 alind

145 1257 261 1303 uerum
289 1242 321 1303 et
348 1242 470 1304 certum
503 1243 536 1304 et
565 1240 696 1321 plenum
727 1238 868 1304 bonum?
901 1242 934 1303 at
964 1239 1044 1303 mihi
1076 1257 1137 1305 non
1171 1238 1300 1304 uidetur

146 1350 244 1428 atque
268 1348 392 1412 omnino
420 1340 491 1430 ipsa
513 1349 632 1412 ueritas
656 1349 752 1431 nogat
773 1343 829 1410 uel'
849 1347 947 1411 tantis
972 1346 1011 1411 ad
1036 1365 1069 1410 se
1093 1346 1298 1423 anfractibus,

145 1456 314 1535 questam
334 1454 475 1536 proxima
493 1457 552 1529 est,
572 1455 740 1519 neltantis
760 1455 954 1538 sumptibus,
974 1471 1054 1536 quae
1074 1457 1139 1518 tam
1160 1453 1299 1538 gratuita

146 1563 207 1638 est,
232 1561 401 1644 perueniri.

61 1659 127 1723 iro
192 1665 241 1730 An
283 1667 354 1750 ipsa
394 1667 532 1731 humana
567 1666 663 1731 laude
698 1669 862 1748 tamquam
896 1667 1107 1731 instrumento
1144 1665 1299 1731 utendum

147 1774 321 1852 existimas,
349 1778 387 1838 ut
409 1774 530 1838 aditum
554 1793 610 1856 per
632 1773 713 1838 hanc
735 1791 902 1856 praepares
927 1775 966 1837 ad
990 1773 1111 1839 animos
1135 1773 1299 1838 hominum

145 1879 357 1962 persuadendi
385 1897 462 1946 uera
485 1885 579 1962 atque
604 1880 755 1957 salubria,
780 1883 811 1944 et
835 1897 939 1955 cauce,
968 1899 1006 1944 ne
1029 1883 1072 1957 te,
1097 1899 1170 1944 cum
1193 1879 1300 1944 indoc-

145 1989 219 2050 tum
256 1989 348 2069 atque
385 1988 531 2052 hebetem
567 1987 760 2070 putruerint,
801 1986 968 2070 indignum
1007 1986 1208 2065 arbitrentur,
1247 1985 1299 2050 cui

147 2111 258 2158 aurem
288 2094 343 2158 uel
370 2093 616 2159 intentissimam
644 2095 698 2159 uel
724 2085 991 2176 patientissimam
1019 2092 1198 2176 praebeant,
1228 2093 1297 2157 siue

101 2220 127 2259 15
147 2199 187 2264 ad
207 2203 293 2264 recte
310 2200 395 2264 facta
413 2219 605 2283 quemquam
625 2200 796 2265 exhorteris
816 2192 886 2264 siue
902 2200 1057 2264 malitiam
1078 2201 1171 2282 atque
1190 2198 1297 2280 nequi-

145 2306 227 2371 tiam
258 2307 419 2390 peccantis
453 2307 623 2392 obiurges?
655 2307 740 2371 hunc
771 2309 809 2371 tu
840 2305 935 2370 finem
963 2306 1105 2370 iustitiae
1138 2323 1174 2370 ac
1206 2305 1298 2368 bene-

146 2409 293 2478 ticentiae
322 2414 349 2478 si
377 2413 501 2478 inillis
529 2414 760 2497 interrogandis
785 2413 1026 2495 quaestionibus
1050 2412 1211 2498 cogitasti,
1240 2429 1297 2475 nos

147 2519 187 2583 de
210 2522 242 2583 te
269 2520 351 2583 male
378 2521 565 2596 meruimus,
589 2520 706 2601 quibus
734 2521 767 2584 in
793 2521 933 2603 epistula
956 2523 1011 2584 tua
1034 2537 1094 2583 non
1124 2518 1155 2582 id
1179 2517 1297 2601 potius,

147 2645 210 2710 quo
247 2624 457 2702 moneremur,
495 2626 643 2708 posuisti,
681 2630 719 2691 ut
756 2629 812 2690 aut
847 2627 983 2690 libenter
1019 2625 1176 2702 daremus,
1214 2625 1298 2707 quod

102 2733 290 2816 repetebas,
328 2737 384 2796 aut
414 2731 486 2798 ideo
519 2752 581 2798 non
615 2733 773 2811 daremus,
808 2733 882 2814 quia
916 2751 1011 2796 eausa
1044 2730 1205 2813 quaelibet
1237 2731 1300 2795 alia

148 2839 284 2906 fortasse
307 2840 500 2923 prohiberet,
523 2859 584 2905 non
608 2841 713 2904 tamen
734 2839 808 2922 quia
830 2843 904 2904 tuae
927 2843 1026 2903 uenae
1046 2837 1215 2921 cupiditati
1237 2856 1298 2902 non

149 2947 254 3013 solum
274 2947 393 3012 seruire
412 2966 523 3010 uerum
544 2946 638 3011 etiam
658 2963 719 3010 non
739 2946 887 3010 resistere
910 2945 1052 3027 puderet.
1077 2947 1194 3028 quanto
1214 2943 1298 3008 enim

148 3051 266 3118 melius
303 3056 397 3136 atque
435 3053 604 3128 salubrius,
640 3071 757 3134 quaeso
791 3055 833 3130 te,
870 3052 956 3135 ipsas
991 3051 1135 3116 ueritatis
1173 3051 1300 3135 regulas

149 3161 253 3224 multo
282 3161 399 3224 certius
428 3163 461 3224 et
492 3159 621 3224 breuius
654 3179 710 3242 per
737 3178 772 3224 se
800 3159 886 3242 ipsas
916 3158 1045 3241 accipis,
1075 3157 1191 3240 quibus
1218 3156 1300 3222 falsa

107 3289 133 3329 as
152 3267 259 3332 omnia
280 3266 384 3349 possis
408 3266 477 3348 ipse
495 3265 649 3344 refellere,
673 3285 722 3343 ne,
743 3265 963 3348 quodfalsum
984 3269 1015 3329 et
1037 3263 1221 3346 pudendum
1240 3267 1300 3340 est,

188 3615 323 3668 idonum
341 3612 369 3667 R
414 3613 593 3667 innactionis
614 3615 641 3675 (a
659 3628 692 3666 ea
710 3627 779 3666 corr.
798 3615 868 3679 m.1)
887 3611 924 3665 P¹
975 3611 1096 3681 3ipsam
1115 3611 1197 3664 istam
1214 3610 1302 3678 siparis

152 3719 221 3758 corr.
246 3703 272 3756 V
341 3702 550 3757 commemoraui
568 3702 596 3755 A
661 3701 743 3755 duel
761 3697 931 3769 apandendo,
950 3703 1015 3754 m.2
1033 3699 1095 3753 uela
1112 3697 1256 3769 pandendo
1275 3699 1303 3752 P

151 3792 196 3845 nel
215 3791 375 3861 spondendo
392 3791 455 3845 MA
523 3790 666 3854 creterra,
685 3806 754 3844 corr.
776 3787 882 3857 (m.1?)
901 3788 1000 3842 referre
1018 3788 1046 3841 P
1116 3790 1132 3842 6
1151 3791 1254 3841 certum
1273 3790 1302 3840 et

151 3890 246 3934 uerum
264 3876 324 3933 edd.
399 3881 429 3933 11
449 3893 623 3949 praeparares
640 3876 801 3932 MAPP¹V
884 3877 986 3932 animas
1005 3877 1067 3930 MP
1083 3877 1212 3940 sonimos,
1231 3890 1300 3930 corr.

151 3964 343 4024 miserrimos
363 3968 393 4034 (h
410 3973 493 4034 crea)
513 3966 546 4023 P¹
648 3968 681 4020 12
699 3965 886 4036 persuadendo
905 3967 959 4022 PR
1062 3967 1092 4020 13
1113 3966 1206 4034 atque]
1227 3967 1255 4018 et
1273 3963 1301 4018 R

153 4059 188 4112 15
207 4057 311 4111 adom.
330 4057 358 4110 A
440 4058 474 4111 16
491 4059 635 4127 peccantes
652 4056 680 4111 R
752 4056 795 4124 ac]
814 4058 896 4124 atque
914 4055 942 4110 R
995 4053 1217 4116 beneficentiae,
1236 4055 1303 4106 m.2

151 4145 360 4200 beneficientiae
378 4146 406 4199 P
420 4145 626 4199 beneficientiae
645 4144 723 4210 (med.
738 4144 748 4197 i
762 4147 833 4212 exp.)
847 4141 915 4197 P¹V
927 4143 1133 4198 beneficientiae
1147 4141 1174 4196 R
1218 4141 1250 4193 17
1265 4141 1300 4209 si]

153 4251 179 4302 s;
203 4234 231 4289 V
282 4235 316 4289 21
335 4235 462 4304 probibet
478 4234 507 4288 It
578 4233 723 4302 cupiditati
740 4235 805 4286 tuae
824 4247 909 4287 uanae
926 4232 996 4286 ΡΨ
1038 4232 1091 4284 Λ22
1110 4229 1234 4300 puderet]
1252 4245 1301 4298 po·

152 4323 240 4378 tuerit
257 4324 294 4377 M
309 4323 411 4392 poterit
424 4324 451 4376 A
505 4323 539 4377 23
558 4322 666 4392 regulas
684 4327 713 4392 (a
729 4325 795 4377 m.2
813 4337 882 4376 corr.
903 4327 954 4376 aut
971 4319 1098 4387 inducta)
1117 4319 1153 4372 M
1203 4319 1237 4373 25
1252 4334 1302 4389 pu-

154 4412 267 4467 tendum
291 4413 319 4466 V
