3092 5217
303 502 367 565 420
680 495 706 549 S.
735 495 872 549 Aureli
901 494 1120 564 Augustini
1525 514 1526 595 p

1525 618 1526 673 l

304 695 381 780 quid
404 695 517 772 dicam,
542 712 676 776 quorum
700 696 764 757 tam
789 692 966 776 perniciosa
983 692 1175 775 peruersitas
1195 690 1248 754 nel
1267 690 1449 754 damnomm
1525 674 1526 685 ¹

302 809 419 867 terrore
444 802 628 867 cohercetur
650 801 704 865 uel
726 800 860 865 docetur
883 798 986 877 exilio,
1011 818 1105 882 quarn
1130 798 1247 880 ubique
1270 797 1389 861 diffusa
1410 796 1451 861 sit

303 909 448 985 ecclesia,
481 908 567 973 sicut
593 907 644 971 fut
629 910 701 971 tura
727 906 890 990 praedicta
917 910 977 981 ιιι,
1006 924 1099 989 quam
1124 904 1248 969 malunt
1271 921 1451 987 oppugnare

303 1035 399 1099 quam
422 1016 654 1100 agnosceretis
637 1016 670 1077 ι
693 1032 721 1077 ιι
745 1032 792 1089 ιι,
817 1032 897 1095 quae
920 1032 976 1094 per
998 1010 1331 1077 misericordissimam
1360 1009 1450 1074 disci·

302 1122 422 1205 plinam
444 1121 571 1206 patrun
571 1139 619 1196 ur
644 1123 866 1203 comparentur
888 1119 935 1183 eis
959 1118 1032 1183 iac
1024 1137 1063 1195 ιι
1088 1136 1169 1201 quae
1190 1116 1311 1181 firriosa
1330 1116 1452 1180 temeri-
1478 1138 1488 1176 ι

302 1231 368 1292 ιιιι
400 1228 614 1302 committunt,
647 1226 718 1308 quie
751 1244 812 1290 non
849 1224 965 1305 uideat,
944 1224 1057 1307 tqui
1093 1224 1196 1307 magis
1233 1224 1453 1307 persecutores
1525 1252 1526 1301 ι

303 1333 439 1399 uocandi
471 1336 567 1398 sunt?
601 1351 793 1416 quamquam
825 1332 884 1397 filii
916 1332 993 1396 mali
1020 1350 1056 1397 eo
1086 1334 1220 1406 tantum,
1245 1348 1307 1412 qno
1332 1329 1526 1413 perdite

303 1442 429 1519 uiuunt,
464 1440 559 1504 etiam
592 1440 621 1504 si
652 1440 757 1504 nullas
790 1440 910 1504 uiolent
896 1442 944 1503 ter
970 1438 1107 1503 inierant
1134 1456 1258 1515 manus,
1285 1440 1401 1519 parent
1403 1456 1452 1500 nm
1525 1412 1526 1505 i

302 1548 388 1629 pieta
371 1549 454 1609 atem
487 1545 617 1629 grauius
649 1548 892 1627 persequuntur,
926 1565 1021 1628 quam
1054 1564 1125 1610 cum
1162 1544 1237 1609 illos
1274 1547 1368 1627 pater
1401 1548 1454 1605 aut

303 1656 416 1731 mater,
453 1656 570 1736 quanto
608 1652 745 1734 amplius
784 1652 931 1735 diligunt,
969 1655 1056 1717 tanto
1095 1652 1233 1732 amplius
1266 1650 1307 1715 ad
1339 1650 1451 1714 bonam
1470 1674 1489 1711 ιι

303 1760 405 1823 uitam
428 1757 497 1823 sine
520 1757 587 1822 ulla
609 1757 865 1822 dissimulatione
889 1758 1094 1839 compellunt.

259 1860 280 1923 3
347 1866 463 1929 Extant
493 1864 695 1948 publicorum
726 1868 1004 1928 monumentorum
1036 1862 1220 1929 firmissima
1252 1862 1452 1934 documenta,

305 1992 385 2054 quae
407 1977 497 2055 potes
520 1973 636 2055 legere,
662 1972 689 2035 si
713 1971 863 2049 uolueris,
888 1970 984 2035 immo
1009 1976 1082 2055 peto
1108 1976 1139 2036 et
1161 1971 1280 2047 hortor,
1300 1976 1338 2035 ut
1356 1970 1452 2053 legas.
1525 1944 1526 2035 i

304 2078 419 2161 quibus
442 2078 602 2162 probatur,
627 2078 711 2161 quod
734 2078 871 2143 maiores
895 2096 1015 2156 eorum,
1040 2078 1095 2161 qui
1117 2077 1211 2159 primi
1235 2096 1269 2142 se
1293 2076 1333 2141 ab
1357 2076 1453 2141 eccle·
1525 2038 1526 2097 i

304 2185 369 2250 siae
400 2204 477 2268 pace
510 2185 700 2260 diuiserunt,
728 2186 812 2251 ultro
840 2205 897 2268 per
919 2186 1094 2250 Anulinum
1121 2189 1198 2250 tnnc
1231 2184 1453 2267 proconsulem
1471 2209 1490 2244 ιι

305 2292 388 2375 apud
412 2292 655 2358 Constantinum
678 2292 900 2375 imperatorem
929 2311 1078 2357 accusare
1107 2292 1176 2356 ausi
1204 2296 1280 2356 sunt
1304 2288 1453 2356 Caecilia·

305 2419 391 2464 num.
414 2400 446 2463 ia
471 2418 532 2481 quo
556 2399 667 2481 utique
690 2398 808 2465 iudicio
834 2400 862 2464 si
885 2400 1048 2475 uicissent,
1074 2399 1148 2482 quid
1168 2402 1235 2462 erat
1255 2397 1451 2464 Caecilianus
1525 2384 1526 2471 l

304 2508 342 2572 ab
384 2504 573 2587 imperatore
614 2523 778 2587 passurus,
810 2504 873 2569 nisi
906 2504 990 2588 quod
1036 2505 1067 2568 in
1112 2506 1204 2581 istos,
1242 2507 1450 2587 posteaquam

304 2611 384 2676 uicti
420 2614 505 2689 sunt,
540 2611 780 2693 pronuntiauit?
818 2612 873 2676 sed
906 2610 1057 2676 uidelicet
1043 2612 1117 2675 tsi
1150 2611 1195 2675 eis
1228 2609 1451 2675 accusantibus

305 2726 400 2800 atque
433 2718 656 2800 superantibus
690 2717 888 2783 Caecilianus
921 2718 1053 2801 eiusque
1086 2718 1227 2801 collegae
1259 2718 1452 2801 pellerentur
1468 2743 1490 2777 a
1525 2706 1526 2801 i

305 2824 445 2901 sedibus,
469 2844 548 2907 quas
572 2825 731 2901 tenebant,
755 2827 808 2890 uel
832 2827 929 2889 etiam
951 2826 982 2889 in
1007 2844 1065 2889 sua
1089 2826 1323 2909 conspiratione
1342 2824 1450 2888 duran-

304 2936 353 2995 tes
378 2931 507 3015 manius
530 2932 717 3014 punirentur
742 2968 779 2978 -
805 2951 907 3014 neque
931 2932 1013 2995 enim
1036 2934 1162 3015 poterat
1184 2930 1289 2996 uictos
1319 2935 1352 2996 et
1378 2932 1452 2995 resi·
1525 2928 1526 3005 i

304 3040 424 3102 etentes
457 3038 544 3121 regia
576 3056 709 3103 censura
740 3042 940 3103 contemnere
968 3075 1021 3115 -,
1051 3042 1126 3102 tunc
1150 3038 1205 3103 isti
1238 3040 1450 3120 prouisionem
1525 3026 1526 3117 i

305 3162 396 3208 suam
421 3147 453 3208 ιι
476 3164 530 3227 pro
556 3145 692 3209 ecclesia
714 3144 886 3211 sollicitam
910 3164 1017 3210 curam
1041 3143 1282 3229 praedicandam
1306 3145 1452 3210 laudibus

304 3250 503 3315 uentilarent.
527 3270 609 3316 nunc
633 3255 739 3316 autem
763 3251 838 3334 quia
860 3252 923 3335 ipsi
947 3252 1089 3334 superati
1112 3256 1196 3327 sunt,
1221 3253 1276 3335 qui
1300 3271 1346 3329 ιι,
1373 3270 1451 3335 quae
1467 3270 1489 3310 ι

304 3356 517 3436 intendebant,
555 3358 686 3441 probare
722 3358 853 3422 minime
889 3362 1072 3443 potuerunt,
1110 3358 1137 3423 si
1179 3359 1256 3441 quid
1296 3378 1353 3443 pro
1396 3376 1452 3424 sna
1525 3348 1526 3433 i

303 3463 470 3546 iniquitate
495 3465 668 3546 patiuntur,
692 3464 944 3547 persecutionem
969 3469 1099 3540 uocant;
1133 3484 1190 3529 nec
1220 3468 1344 3531 tantum
1370 3466 1450 3530 luro—

1525 3586 1526 3621 l

394 3726 554 3792 accae
1525 3696 1526 3775 l

340 3872 356 3923 2
371 3868 546 3922 coherceatur
559 3868 587 3923 R
635 3869 652 3922 4
668 3885 712 3921 eas
728 3871 751 3933 (s
767 3868 818 3921 del.
833 3886 867 3921 m.
877 3873 906 3934 2)
922 3870 949 3922 Ρ
997 3872 1013 3924 5
1028 3873 1232 3939 compatrentnr
1245 3874 1254 3935 (
1255 3888 1301 3938 pr.
1315 3873 1327 3922 t
1339 3870 1413 3938 exp.)
1429 3870 1454 3920 P

304 3960 320 4011 7
341 3957 390 4011 lilii
409 3974 460 4010 orn.
480 3958 506 4009 A
577 3960 686 4010 tautum
705 3974 738 4010 ae
754 3974 820 4021 ras,
833 3958 926 4024 fuisse
943 3959 1001 4011 aoid.
1020 3962 1126 4011 ιιιιιιι
1146 3958 1175 4011 1⁴¹
1246 3960 1310 4029 quo]
1330 3958 1404 4027 quod
1418 3962 1456 4025 cf
1525 3976 1526 4025 j

303 4046 320 4098 8
343 4046 426 4099 nullis
450 4044 477 4099 A
577 4047 607 4099 11
632 4046 851 4100 dissimulatione
878 4052 903 4113 (e
926 4064 1009 4116 super
1031 4064 1087 4101 raa.
1111 4053 1184 4114 m.1;
1207 4049 1299 4115 fuitne
1320 4046 1393 4113 ιιι)
1419 4049 1454 4101 Μ
1525 4028 1526 4087 Ῑ

307 4137 338 4187 15
359 4134 505 4192 anulinum,
525 4138 589 4187 ιιι)
607 4135 747 4188 anelinum
765 4134 793 4188 P
810 4136 948 4189 anelinum
968 4136 996 4190 R
1061 4138 1093 4190 16
1113 4140 1271 4192 accusatore
1290 4137 1329 4207 (to
1347 4152 1409 4207 erp.
1428 4143 1451 4190 et
1525 4112 1526 4199 i

303 4226 367 4275 ιιι2
386 4222 450 4290 del.)
467 4224 495 4275 P
533 4225 568 4278 20
588 4224 693 4293 collega
711 4223 913 4293 depellerentur
930 4226 967 4279 M
984 4225 1081 4295 collige
1101 4226 1313 4296 pellerenturid
1351 4226 1389 4280 22
1404 4243 1450 4295 po·
1525 4212 1526 4277 ἶ

304 4312 371 4363 terit
389 4312 416 4365 P
433 4318 560 4381 poterant
578 4313 606 4368 R
695 4314 783 4367 uictor
801 4314 828 4366 P
917 4319 945 4368 et
963 4332 1022 4384 cap.
1042 4318 1105 4370 m.2
1123 4314 1151 4368 P
1213 4315 1373 4369 aesonius
1392 4331 1449 4369 euru
1525 4282 1526 4369 i

300 4415 397 4466 perrea
414 4416 471 4453 ιιι.
492 4408 556 4455 crate
575 4419 591 4455 ι
610 4408 713 4471 etpost
731 4404 768 4456 M
821 4404 855 4459 25
875 4404 932 4474 qui]
953 4402 1017 4473 quia
1035 4404 1062 4456 P
1079 4404 1139 4457 edd.
1525 4374 1526 4433 i
