3092 5217
401 474 667 544 epistularum
693 474 771 529 CXV.
793 473 886 530 CXVI.
907 475 1014 531 CXVII.
1217 479 1281 544 663

654 669 763 736 CXVI.

131 809 279 866 DOMINO
288 809 418 865 uxmo
428 809 474 863 ET
483 809 621 864 enemo
630 809 773 866 INSIGNI
784 809 1155 878 HONORABILlTIlRQUll
1165 811 1282 867 CARIS-

132 899 375 960 sulcandum
400 897 592 954 Guauuoso
615 898 847 956 AUGUSTINUS
871 900 911 956 IN
934 900 1080 958 DOMINO
1106 900 1283 956 SALUTEM.

176 1028 262 1092 Laus
285 1030 319 1091 et
339 1025 532 1109 praedicatio
557 1025 839 1091 administrationis
863 1030 937 1092 tuae
962 1033 994 1093 et
1016 1027 1101 1092 lama
1123 1028 1285 1113 praeclara

102 1153 207 1200 scum
239 1151 289 1198 me
321 1151 377 1215 pro
406 1132 584 1211 dilectione,
618 1153 712 1216 quam
739 1133 805 1198 tuis
834 1135 955 1199 meritis
989 1134 1283 1217 beniuolentiasque

133 1241 297 1317 debemus,
335 1240 508 1322 plurimum
541 1239 721 1316 delectaret,
758 1259 932 1332 numquam
969 1241 1071 1306 adhuc
1107 1241 1139 1305 in
1177 1241 1283 1324 aliquo

131 1347 286 1413 beneficio
316 1345 507 1429 postulando
541 1347 714 1412 eximietati
746 1350 820 1412 tuae
857 1367 928 1412 mea
963 1348 1147 1414 intercessio
1181 1348 1285 1412 extitit

133 1473 276 1534 onerosa,
301 1453 425 1519 domine
448 1453 655 1519 dilectissime
675 1457 707 1519 et
729 1454 922 1519 uenerabilis
946 1453 1002 1520 lili.
1027 1456 1083 1520 sed
1106 1474 1189 1520 nunc
1208 1454 1284 1537 quid

133 1562 166 1624 in
195 1560 337 1638 ciuitate,
366 1561 396 1624 in
425 1579 489 1642 qua
515 1551 667 1625 ecclesiae
696 1547 747 1624 dei
776 1561 890 1638 seruio,
918 1561 1040 1626 factunm
1069 1562 1122 1638 ait,
1152 1581 1223 1626 eum
1248 1580 1284 1625 en

92 1668 262 1744 alitteris,
291 1686 369 1749 quus
398 1667 436 1731 ad
468 1666 681 1731 uenerabilem
709 1666 838 1731 fratrem
867 1669 899 1732 et
926 1667 1149 1751 coepiscopum
1176 1673 1285 1732 meum

133 1777 344 1840 Fortunatum
361 1774 444 1851 dedi,
465 1774 650 1857 cognouerit
668 1774 861 1855 praestantia
879 1777 945 1853 tua,
965 1793 1027 1856 qua
1046 1774 1159 1838 luerim
1177 1793 1284 1839 neces-

134 1882 231 1947 sitate
245 1882 442 1962 compulsus,
461 1883 499 1945 ut
515 1879 701 1963 petitionem
716 1899 819 1944 meam
833 1881 1008 1964 ingererem
1023 1881 1285 1966 occupationibus

134 1989 212 2065 tuis,
240 1991 297 2051 tna
323 1987 503 2071 benignitas
530 1987 718 2069 peruidebit.
747 1990 780 2051 et
806 1987 948 2069 prolecto
975 1986 1084 2064 facies,
1113 1987 1196 2070 quod
1218 2006 1285 2052 non

134 2096 242 2160 solum
269 2095 429 2178 integrum
456 2113 568 2159 uerum
593 2094 689 2159 etiam
713 2094 929 2160 Christianum
956 2094 1095 2159 iudicem
1119 2093 1218 2169 decet,
1247 2111 1283 2158 eo

92 2225 116 2264 n
134 2203 219 2266 circa
254 2221 313 2266 nos
345 2202 461 2279 auimo,
493 2201 532 2266 de
564 2220 626 2283 quo
659 2201 691 2266 in
724 2201 851 2267 nomine
885 2201 1003 2267 Christi
1034 2203 1144 2284 utique
1182 2202 1287 2266 fuerat

133 2308 412 2390 praesumendum.

645 2447 771 2535 cnvn.

180 2591 375 2656 Prooemiari
402 2590 486 2674 apud
513 2592 545 2654 te
577 2609 638 2656 non
671 2588 776 2653 solum
804 2588 999 2672 supenfiuum
1028 2590 1078 2652 est
1105 2585 1162 2652 sed
1189 2587 1286 2652 etism

135 2696 320 2775 molestum,
344 2696 400 2779 qui
425 2716 492 2760 rem
519 2715 581 2762 non
610 2696 706 2761 uerba
733 2695 905 2774 desideras,
933 2695 1068 2777 ideoque
1098 2693 1287 2780 simpliciter

350 2887 382 2960 ‚T
406 2913 440 2934 =
460 2887 519 2942 eod.
541 2887 683 2941 Trecenasa
704 2890 744 2940 40
760 2903 782 2940 a.
802 2885 894 2940 XIII.

349 2976 384 3030 H
404 3002 438 3023 =
458 2977 517 3030 cad.
534 2977 612 3030 Mus.
631 2972 704 3028 Brit.
724 2973 810 3028 Harl.
832 2978 908 3028 3107
925 2991 946 3028 e.
966 2974 1058 3028 XIII.

349 3065 378 3120 Ii
403 3089 437 3111 =
457 3065 515 3119 cod.
540 3064 695 3118 Vaticanus
716 3066 776 3116 494
794 3079 814 3116 s.
835 3062 923 3116 XIII
939 3079 979 3118 eac.
1038 3075 1041 3082 ’

172 3191 189 3245 3
217 3190 306 3260 fratri]
326 3190 382 3245 lilio
402 3190 478 3256 edd.,·
495 3189 531 3258 cf.
550 3191 618 3242 u.8
735 3190 751 3241 5
781 3205 840 3241 cnm
860 3203 921 3256 om,
939 3187 971 3240 in
989 3203 1074 3256 marg.
1094 3191 1155 3240 nal
1174 3185 1239 3243 add.
1263 3185 1289 3240 T

137 3280 169 3334 11
191 3281 322 3348 cognouit
344 3279 369 3333 T
992 3277 995 3286 ’

243 3403 280 3457 Μ
297 3427 331 3448 =
351 3402 409 3457 cod.
428 3402 609 3459 Monacensis
629 3403 709 3455 6266
726 3417 749 3454 s.
768 3401 806 3454 X.

243 3493 270 3544 A
298 3517 333 3537 =
352 3491 411 3546 cod.
430 3491 738 3560 Audanaropolitanua
759 3493 806 3554 76,
827 3493 853 3554 6,
876 3493 894 3543 9
911 3507 932 3543 e.
953 3489 1074 3545 X-XI.

242 3581 271 3633 P
299 3604 334 3627 =
353 3580 412 3636 cad.
431 3579 583 3634 Parisinus
600 3596 665 3633 nou.
686 3595 743 3647 aeq.
763 3583 843 3633 1444
861 3596 881 3633 a.
901 3578 957 3634 XI.

243 3669 271 3724 R
296 3693 330 3716 =
349 3669 408 3723 cod.
427 3669 504 3722 Mus.
524 3670 597 3725 Brit.
615 3669 681 3738 Rep.
706 3669 770 3722 aD
793 3668 838 3720 VI
853 3685 874 3722 s.
894 3667 1054 3724 XI—XII.

242 3757 280 3812 1²¹
297 3783 331 3803 =
349 3757 409 3813 cod.
427 3757 580 3812 Parisinus
597 3759 697 3810 14480
714 3774 735 3812 a.
755 3756 830 3810 XII.

237 3845 275 3903 „V
298 3871 334 3892 =
352 3847 411 3900 ced.
437 3846 593 3899 Vaticanus
614 3848 673 3898 496
690 3860 712 3898 a.
732 3844 825 3900 XIII.

170 4022 274 4092 Incipit
292 4022 411 4092 epistula
430 4021 546 4076 dioscori
565 4021 600 4074 ad
618 4024 742 4074 sanctum
762 4019 920 4089 agustinum
940 4020 1096 4089 episcopum
1114 4018 1152 4072 M
1170 4019 1288 4089 epistula

135 4110 254 4164 dioscori
273 4109 307 4163 ad
326 4112 448 4163 sanctum
463 4109 638 4179 augustinum
651 4109 707 4161 ΑΡ
725 4108 844 4179 epistula
863 4107 980 4161 dioscori
995 4106 1029 4160 ad
1042 4107 1218 4176 augustinum
1230 4107 1291 4163 RV

135 4200 267 4258 dioscorri
290 4199 408 4269 epistula
430 4198 466 4252 ad
488 4199 664 4267 augustinum
683 4197 732 4260 P¹;
754 4197 901 4264 inscriptio
926 4195 997 4250 deest
1020 4196 1051 4248 in
1074 4195 1152 4248 codd.
1178 4202 1203 4249 et
1226 4196 1287 4253 edd.

137 4291 169 4344 18
180 4306 298 4360 proe1;..znn
311 4293 336 4354 (e
346 4304 551 4354 encomurae.
561 4286 620 4342 uid.
631 4287 693 4356 hoc)
705 4286 708 4357 l
721 4286 814 4339 miseri
824 4285 851 4350 ΙΡ
860 4302 907 4356 pro
922 4284 974 4339 hcc
988 4283 1080 4338 mirari
1090 4284 1191 4339 ΜΑΡ1
1207 4289 1288 4350 (corr.

135 4382 194 4434 nal
212 4376 323 4443 morari)
342 4395 390 4446 pro
410 4377 461 4431 hoc
479 4377 578 4430 morari
597 4376 621 4428 V
659 4376 691 4430 19
709 4375 776 4445 non]
797 4378 828 4428 ut
840 4375 868 4428 A
923 4373 1051 4444 slmpliei-
1065 4373 1068 4444 ᾗ
1082 4373 1145 4426 audi
1167 4374 1217 4440 (sic
1228 4375 1288 4444 !)'A
