3092 5217
450 497 715 566 epistularum
742 497 877 553 LXXXII.
1169 504 1232 567 365

105 699 197 759 nutem
227 693 404 757 necessario
437 692 590 770 facienda,
622 693 714 775 quasi
746 693 848 759 adhuc
883 694 1108 776 expectandum
1137 698 1232 766 esset,

106 801 269 865 adueniret
291 800 366 864 fidei
388 799 552 877 reuelatio,
571 819 651 881 quae
673 799 723 863 his
744 799 982 883 significabatur·
1001 819 1070 863 esse
1089 803 1232 864 uentura.

105 908 152 972 sed
179 907 323 989 quamuis
355 906 504 991 gentibus
536 904 711 989 inponenda
740 926 802 971 non
832 911 947 981 essent,
972 928 1033 973 non
1058 912 1161 971 tamen
1188 907 1232 971 sio

105 1014 235 1079 debuisse
266 1014 383 1078 auferri
415 1033 433 1076 a
466 1014 693 1079 consuetudine
724 1014 914 1079 Iudaeorum
950 1018 1112 1097 tamquam
1150 1014 1235 1079 deta·

82 1122 201 1185 astando
214 1126 309 1203 atque
325 1120 508 1185 damnanda.
526 1121 646 1184 sensim
659 1120 788 1202 proinde
809 1124 903 1203 atque
921 1120 1074 1203 paulatim
1094 1122 1234 1186 seruante

105 1248 168 1292 sane
187 1227 417 1310 praedieatione
441 1228 559 1311 gratiae
584 1227 712 1304 Christi,
735 1247 799 1309 qua
822 1228 891 1292 sola
914 1231 1043 1293 nossent
1072 1228 1233 1293 eredentes

106 1356 134 1399 se
163 1334 326 1399 iustificari
364 1335 535 1416 saluasque
572 1334 649 1411 fieri,
682 1353 742 1398 non
776 1334 839 1399 illis
873 1334 993 1400 umbris
1026 1354 1130 1399 rerum
1162 1338 1234 1399 ante

105 1444 263 1507 futurarum
287 1447 363 1507 tuno
387 1443 451 1507 iam
475 1442 671 1506 uenientium
695 1445 791 1524 atque
814 1442 1040 1525 praesentium,
1060 1446 1097 1505 ut
1115 1442 1144 1505 in
1165 1442 1235 1506 illo·

105 1570 164 1613 mnr
188 1549 374 1613 Iudaeorum
408 1550 585 1625 uenatione,
618 1568 698 1631 quos
726 1550 903 1631 praesentia
931 1550 1033 1613 earnis
1063 1550 1180 1612 domini
1204 1553 1235 1613 et

77 1658 263 1739 :taposmliea
295 1661 440 1738 tempora
467 1656 513 1721 sio
539 1657 734 1734 inuenerant,
759 1658 861 1721 omnis
885 1658 940 1721 illa
964 1659 1046 1721 actio
1071 1676 1234 1721 consume-

105 1771 177 1827 retur
207 1764 399 1841 umbrarnm,
434 1764 494 1829 hoo
526 1764 554 1828 ei
587 1763 752 1829 suffecisse
785 1764 824 1827 ad
853 1764 1168 1839 commendationem,
1197 1767 1235 1826 ut

107 1892 155 1935 oon
176 1875 337 1953 tamquam
363 1871 548 1936 detestanda
570 1875 603 1935 et
625 1870 740 1936 similis
765 1870 930 1937 idolatriae
958 1871 1123 1947 uitaretun
1153 1868 1235 1932 ultra

107 1997 168 2041 uero
198 1996 257 2041 non
289 1977 421 2041 haberet
446 1997 661 2061 progressum,
689 1998 727 2041 ne
755 1982 921 2060 putaretur
945 1976 1131 2051 necessaria,
1156 1980 1236 2039 tam-

108 2104 187 2166 quam
217 2086 269 2148 uel
303 2085 341 2148 ab
369 2085 426 2147 illa
454 2085 540 2148 salus
569 2089 654 2149 esset
681 2087 734 2149 uel
762 2087 829 2150 sine
856 2086 912 2150 illa
940 2104 1009 2150 esse
1033 2103 1092 2148 non
1116 2088 1235 2167 posset,

77 2217 93 2253 n
108 2190 178 2272 quod
199 2194 394 2273 putauerunt
415 2191 576 2266 haeretiei,
601 2193 654 2273 qui
679 2191 754 2255 dum
778 2192 893 2257 uolunt
917 2196 949 2257 et
971 2191 1081 2256 Iudaei
1106 2208 1176 2254 esse
1205 2193 1237 2253 et

108 2298 272 2374 Christiani,
296 2316 354 2362 neo
377 2297 486 2361 Iudaei
510 2316 567 2361 neo
592 2297 761 2362 Christiani
789 2318 859 2363 esse
887 2301 1069 2381 potuerunt.
1103 2314 1236 2379 quorum

109 2405 278 2470 sarmatiam
306 2405 384 2469 mihi
413 2404 597 2481 cauendam,
622 2404 768 2487 quamuis
793 2404 823 2467 in
853 2423 889 2468 ea
916 2422 1089 2485 numquam
1113 2402 1236 2477 fuerim,

109 2517 197 2576 tameo
219 2512 513 2577 beniuolentissime
542 2512 707 2576 admonere
735 2511 883 2595 dignatus
912 2531 955 2575 es.
990 2510 1019 2575 in
1049 2511 1139 2596 ouius
1168 2528 1236 2573 sen·

108 2620 209 2683 tentiae
239 2639 302 2684 nou
336 2620 576 2685 consensionem
608 2618 664 2683 sed
702 2618 938 2682 simulationem
976 2618 1088 2683 timore
1121 2619 1235 2682 Petrus

76 2726 253 2804 :oinoiderat
286 2730 324 2792 ut
355 2726 394 2791 de
426 2726 481 2791 illo
510 2726 630 2790 Paulus
663 2725 828 2789 uerissime
861 2726 1021 2802 scriberet,
1051 2723 1133 2807 quod
1163 2744 1236 2789 eum

110 2832 229 2898 uidisset
250 2852 312 2898 non
335 2836 420 2898 recto
442 2832 671 2917 ingredientem
695 2830 735 2893 ad
757 2831 924 2895 ueritatem
950 2831 1116 2915 euangelii,
1145 2830 1236 2912 eique

187 3043 288 3097 ro-re
308 3043 340 3095 er.
361 3060 385 3112 p.
406 3044 467 3104 303,
488 3044 602 3102 7—304.
624 3043 657 3095 ro

143 3164 441 3235 lemeomtauduml
520 3183 578 3219 ease
596 3166 751 3219 PMAP¹R
842 3165 1064 3220 andnimand
1142 3165 1187 3218 hic
1205 3164 1239 3217 H

110 3255 131 3305 5.
148 3253 163 3307 8
179 3255 260 3323 adque
274 3254 310 3309 H
378 3254 532 3309 damnanda
549 3256 647 3309 sensim
669 3261 696 3320 (a
714 3256 815 3309 sensim
834 3257 866 3309 da
886 3271 940 3309 rna.
960 3273 993 3309 m.
1006 3260 1035 3319 2)
1050 3254 1088 3305 P*
1162 3254 1238 3307 dam·

109 3342 197 3412 nanda]
215 3344 340 3398 damnum
357 3344 410 3398 HI
486 3344 629 3414 paulatim]
649 3346 753 3414 prolum
770 3344 803 3399 H
889 3344 1049 3398 ferbente]
1138 3344 1238 3398 daune

110 3448 154 3487 ono,
171 3432 285 3488 P¹aana
304 3434 374 3487 drm
446 3435 510 3503 qua]
531 3450 582 3502 que
600 3434 629 3487 P
717 3434 896 3503 daalbosqua
915 3434 948 3489 H
1022 3439 1085 3503 poet
1104 3436 1167 3486 ante
1186 3435 1239 3487 ta

112 3520 200 3575 detrito
215 3529 264 3576 aut
283 3539 367 3577 &aaa
384 3523 443 3576 uid.
463 3523 491 3575 P
508 3527 589 3578 antea
601 3522 653 3577 HI
666 3524 726 3577 edd.
783 3524 846 3577 8in
868 3540 918 3578 ont.
933 3524 967 3577 H
1035 3523 1153 3586 illorum,
1169 3538 1237 3577 corr.

112 3613 163 3661 ml
177 3609 278 3667 illarum
295 3611 334 3665 Μ
349 3611 457 3665 illarum
474 3612 557 3667 PAR
659 3614 676 3666 9
694 3614 831 3683 presentie
850 3612 883 3665 H
987 3613 1020 3667 10
1040 3612 1188 3683 apostolice
1207 3611 1240 3665 H

141 3698 176 3751 sie
194 3707 215 3764 (a
232 3706 313 3766 eras.)
332 3703 359 3753 A
432 3702 600 3763 inuenerant,
619 3718 707 3770 supra
727 3702 833 3768 (ΜΡ)
852 3703 865 3755 d
884 3706 946 3757 runt
964 3702 991 3755 R
1063 3702 1154 3755 hautio
1175 3717 1238 3755 con-

111 3793 262 3842 sumerentur
279 3791 314 3843 Η
359 3792 389 3843 ll
411 3790 450 3843 eis
463 3790 558 3845 HMR
577 3791 636 3847 edd.
691 3791 822 3845 suffieisse
838 3792 917 3845 HPI
960 3794 994 3845 12
1014 3808 1068 3845 non
1087 3790 1236 3859 tamquam]

112 3878 301 3946 anteaquam-H
372 3878 561 3934 detestandam
575 3879 609 3932 H
677 3880 848 3935 idololatriae
864 3880 924 3937 edd.
938 3884 1080 3949 prasina
1131 3880 1163 3931 13
1178 3893 1239 3946 pro·

113 3980 209 4031 gressu·
222 3967 289 4033 (fait
307 3972 331 4033 s)
350 3985 410 4022 sum
428 3970 457 4023 A
525 3970 558 4023 14
576 3970 626 4023 illa
643 3986 676 4023 a
692 3986 759 4033 raa,
771 3970 834 4037 soit
852 3971 909 4025 ulla
926 3972 954 4025 R
1023 3966 1240 4037 deputatorum

115 4050 157 4105 HI
201 4056 230 4107 17
248 4056 394 4111 cabendam
412 4059 432 4112 1
448 4057 605 4122 causandum,
625 4076 694 4113 corr.
714 4058 822 4124 (men)
843 4058 991 4113 cauendam
1005 4058 1042 4111 M
1093 4056 1121 4109 in
1141 4055 1241 4109 oamP

142 4157 280 4211 numquam
297 4144 406 4214 fuerim]
426 4163 480 4199 nou
497 4146 601 4201 fuerint
618 4146 652 4200 H
722 4148 756 4201 18
776 4146 1027 4201 boniuolontissime
1047 4144 1195 4197 ammoneri
1213 4142 1241 4197 A

117 4229 351 4287 mundanorum
370 4237 398 4288 A
469 4235 567 4289 Petrus
580 4236 682 4289 [timore
701 4236 762 4290 edd.
776 4240 920 4304 praedm
986 4235 1021 4288 20
1041 4250 1100 4287 eum
1119 4249 1152 4285 ea
1170 4247 1239 4285 corr.

115 4319 297 4375 malaeum
314 4322 403 4381 PMA
492 4325 525 4379 21
546 4323 700 4377 uidisseH
777 4326 832 4393 eiq;
854 4320 1240 4394 (q;e'nrae.1z.m.2)1²¹

117 4406 136 4455 ri
153 4409 195 4474 qui
213 4408 241 4460 P
256 4410 279 4462 ei
298 4426 360 4479 qma
378 4413 405 4464 A
