3092 5217
270 410 335 475 568
619 409 646 463 S.
674 408 811 463 Aureli
839 408 1057 479 Augustini

268 601 381 682 fuerat,
401 602 567 681 diceretur,
586 602 734 687 quamuis
753 603 785 667 in
805 604 907 687 spatio
926 605 1093 689 temporali
1111 606 1278 691 longitudo
1297 626 1413 691 poenae

270 726 342 773 cum
379 709 534 775 breuitate
570 710 719 775 facinoris
756 710 844 776 nullo
881 711 975 777 modo
1008 712 1052 777 sit
1083 713 1302 796 comparanda.
1341 713 1414 795 qnid

270 834 344 899 ergo
367 816 559 882 contrarium
583 819 642 894 est,
671 816 699 882 si
723 819 816 882 erunt
843 818 959 900 pariter
984 818 1081 903 longa
1103 822 1157 884 uel
1180 820 1276 885 etiam
1300 821 1416 903 pariter

270 925 396 988 aeterna
419 923 577 1007 supplicia
599 922 656 989 sed
679 923 750 989 aliis
775 924 838 989 alia
859 924 986 990 mitiora
1003 926 1057 989 uel
1075 926 1204 1005 acriora,
1228 930 1276 1005 ut,
1300 926 1416 1009 quibus

270 1033 398 1113 tempus
426 1030 559 1112 aequale
581 1034 642 1109 est,
669 1050 731 1095 non
760 1030 804 1096 sit
827 1032 967 1114 aequalis
995 1033 1149 1115 asperitas
1176 1038 1307 1117 propter
1334 1052 1417 1097 men·
1446 1054 1458 1094 ι

271 1155 377 1200 suram
405 1137 501 1202 etiam
531 1140 734 1219 peccatorum
766 1156 828 1203 non
860 1138 893 1202 in
920 1138 1127 1220 productione
1153 1143 1334 1224 temporum
1366 1140 1419 1204 sed

271 1242 302 1307 in
325 1243 492 1309 uoluntate
514 1244 736 1326 peccantium?

217 1354 259 1418 27
314 1348 471 1416 Voluntas
504 1350 620 1434 quippe
656 1350 727 1433 ipsa
763 1352 895 1433 punitur
927 1351 997 1417 siue
1028 1352 1124 1417 animi
1157 1353 1316 1437 supplicio
1351 1353 1419 1419 siue

271 1456 422 1539 corporis,
454 1460 501 1536 ut,
535 1476 615 1541 quae
644 1457 821 1522 delectatur
852 1458 884 1522 in
916 1460 1065 1542 peccatis,
1097 1460 1168 1543 ipsa
1199 1462 1362 1543 plectatur
1387 1460 1419 1525 in

270 1564 380 1648 poenis
404 1568 438 1631 et
464 1568 510 1643 ut,
538 1565 592 1647 qui
619 1563 741 1630 iudicat
768 1564 837 1630 sino
858 1564 1083 1647 misericordia,
1111 1568 1179 1633 sine
1202 1568 1461 1634 misericordias

271 1670 439 1737 iudicetur.
472 1674 505 1737 et
535 1670 567 1735 in
599 1671 659 1737 hae
687 1671 804 1755 quippe
833 1673 991 1739 sententia
1018 1673 1057 1738 ad
1084 1674 1145 1739 hoc
1172 1674 1279 1740 solum
1308 1675 1421 1740 eadem

271 1796 420 1843 mensura
443 1781 501 1856 ost,
530 1780 576 1855 ut,
601 1778 685 1860 quod
707 1798 769 1844 non
792 1780 963 1863 praestitit,
985 1800 1046 1845 non
1070 1781 1099 1845 ei
1122 1784 1302 1864 praestetur
1325 1786 1421 1865 atque

271 1884 327 1963 ita,
356 1882 441 1967 quon
467 1884 537 1966 ipse
558 1883 727 1962 indicatur,
757 1890 920 1950 aeternum
944 1886 1013 1965 erit,
1042 1888 1200 1969 quamuis,
1230 1886 1316 1971 quod
1339 1878 1421 1951 iudi-

273 1990 368 2071 cauit,
406 1994 568 2055 aeternum
602 2010 672 2055 esse
704 1994 894 2075 nequiuerit.
931 1992 963 2055 in
997 1991 1108 2057 eadem
1139 1994 1240 2078 igitur
1270 2012 1422 2059 mensura

273 2096 418 2179 quamuis
436 2117 497 2162 non
517 2101 713 2163 aeternorum
737 2100 976 2165 malefactorum
996 2103 1121 2165 aeterna
1144 2101 1305 2184 supplicia
1322 2120 1422 2165 reme-
1440 2122 1462 2160 rr

271 2203 405 2283 tiuntur,
428 2207 475 2281 ut,
500 2205 575 2287 quia
593 2208 751 2271 aeternam
769 2207 876 2271 uoluit
893 2207 1007 2271 habere
1025 2208 1148 2290 peccati
1166 2207 1423 2292 perfruitionem,

273 2315 430 2375 aeternam
466 2312 608 2377 inueniat
644 2312 804 2378 uindictae
847 2314 1061 2379 seueritatem.
1098 2334 1160 2380 non
1199 2319 1307 2380 autem
1347 2316 1423 2381 sinit

273 2418 435 2500 proposita
461 2420 602 2484 breuitas
631 2420 845 2503 responsionis
869 2438 968 2499 meae,
996 2423 1034 2485 ut
1061 2421 1208 2507 colligam
1235 2422 1343 2487 omnia
1371 2424 1423 2486 uel

273 2531 357 2595 certe
376 2544 471 2609 quam
493 2527 640 2610 plurima,
665 2547 744 2611 quae
763 2526 801 2592 de
820 2528 958 2610 peccatis
979 2529 1011 2593 et
1030 2527 1067 2593 de
1092 2532 1293 2611 peccatorum
1311 2530 1422 2614 poenis

274 2636 374 2703 sancti
410 2634 483 2699 libri
519 2634 648 2711 habent,
684 2638 779 2717 atque
817 2653 853 2698 ex
887 2634 939 2699 his
976 2653 1071 2699 unam
1104 2654 1212 2700 eruam
1249 2637 1320 2701 sine
1359 2640 1422 2704 ulla
1438 2654 1462 2695 o

273 2742 481 2827 ambiguitate
508 2742 708 2818 sententiam,
741 2740 768 2805 si
796 2743 902 2805 tamen
930 2740 964 2805 id
990 2742 1114 2806 ualeam
1141 2742 1265 2807 uiribus
1295 2746 1421 2821 mentis,

274 2850 369 2914 etiam
407 2849 435 2914 si
468 2867 643 2932 congruum
679 2846 842 2912 nanciscar
876 2848 987 2913 otium.
1025 2867 1108 2913 nunc
1144 2852 1250 2914 tamen
1289 2850 1423 2916 arbitror
1528 2896 1529 2927 ,

274 2956 353 3021 satis
378 2974 447 3021 esse
469 2956 683 3019 monstratum
706 2972 767 3018 non
792 2972 863 3018 esse
888 2955 1077 3020 contrarium
1103 2956 1283 3021 aeternitati
1303 2958 1423 3040 suppli·
1528 2934 1529 3013 Ῑ

274 3063 404 3140 ciomm,
437 3061 522 3145 quod
553 3062 587 3126 in
615 3062 724 3126 eadem
750 3080 900 3126 mensura
927 3061 1109 3141 redduntur,
1142 3062 1173 3128 in
1203 3083 1266 3146 qua
1293 3068 1422 3147 peccata

274 3170 446 3235 commissa
468 3174 554 3236 sunt.

364 3431 398 3485 10
416 3430 470 3487 Iac.
490 3431 515 3494 2,
537 3431 570 3485 13

311 3608 324 3661 l
345 3623 423 3676 pena,
443 3622 512 3660 corr.
532 3622 617 3675 penae
641 3605 663 3659 0
738 3606 755 3659 2
775 3605 880 3659 sitem.
901 3604 994 3659 ΗΜΛ
1071 3606 1087 3659 3
1107 3606 1185 3669 erint,
1206 3608 1273 3659 Μ
1292 3610 1373 3659 erunt
1390 3604 1425 3659 nl

273 3698 291 3749 4
309 3694 403 3749 sedin
424 3694 485 3748 aliis
503 3694 535 3747 E
609 3694 625 3748 8
646 3694 808 3764 supplicatio
829 3697 872 3761 (ca
891 3699 972 3759 eras)
995 3692 1019 3747 0
1096 3694 1113 3748 9
1132 3694 1264 3765 atquae]
1285 3698 1379 3765 ntraq3
1397 3696 1422 3747 A
1528 3708 1529 3777 ᾗ

309 3786 338 3838 in
357 3783 486 3855 peccatis]
504 3784 532 3836 in
552 3784 682 3853 temporis
701 3784 731 3837 Ε
792 3781 824 3836 10
844 3786 875 3836 ut
895 3787 923 3837 et
942 3782 964 3836 Ο
982 3787 1010 3837 et
1028 3788 1090 3849 (om.
1110 3788 1152 3851 ut)
1171 3784 1198 3837 A
1271 3784 1376 3839 indicet
1393 3784 1421 3837 Η

276 3873 309 3926 13
327 3873 428 3943 ipsaP
465 3875 496 3926 15
515 3873 696 3925 remetiuntur
714 3888 747 3925 ex
764 3871 990 3925 remittunturM
1006 3870 1225 3925 remetienturE
1261 3872 1294 3926 16
1315 3870 1387 3941 qnod
1403 3871 1425 3923 0
1528 3866 1529 3945 1

309 3960 522 4030 perfructionem
540 3961 610 4014 HM
616 3977 643 4013 m
661 3960 878 4029 perfunctionem
898 3963 922 4012 A
1011 3960 1042 4013 11
1062 3958 1200 4012 uindictae
1220 3958 1344 4014 inueniat
1363 3960 1420 4013 edd.

276 4049 309 4102 18
328 4050 480 4119 propositas
497 4050 526 4102 A
633 4048 781 4102 ueritasO
870 4049 903 4103 19
922 4052 1056 4119 paccatas,
1074 4064 1109 4101 m.
1128 4053 1144 4100 1
1162 4064 1231 4101 corr.
1255 4048 1376 4118 peccatis
1393 4046 1424 4101 Η

310 4138 414 4208 poenis]
433 4138 511 4192 libris
532 4138 594 4204 (del.
613 4142 688 4205 Μ)
709 4139 803 4209 poeuis
822 4138 859 4191 M
919 4138 954 4192 20
972 4137 1041 4191 ullae
1056 4140 1092 4206 (m
1112 4144 1192 4202 eros.)
1214 4138 1242 4190 P
1309 4138 1340 4191 21
1363 4154 1420 4191 sen·
1528 4146 1529 4229 ἦ

274 4227 370 4291 tentia,
390 4232 455 4282 ru.2
474 4229 613 4283 sententia
634 4227 660 4282 G
731 4226 835 4282 uiribus
854 4228 964 4296 mentis]
985 4227 1052 4280 totis
1071 4226 1175 4281 uiribus
1194 4226 1225 4281 E
1278 4228 1312 4281 22
1331 4227 1420 4281 nanci·
1528 4268 1529 4297 ,

276 4334 336 4370 scor
356 4319 441 4371 otium
459 4318 496 4371 M
512 4334 574 4371 nam
594 4319 649 4372 tiso
667 4317 781 4371 crotium
801 4316 835 4369 H
887 4318 921 4371 23
940 4316 1110 4371 aetemitetis
1129 4316 1155 4369 A
1211 4318 1246 4371 25
1266 4317 1321 4371 sint
1339 4318 1366 4369 A
