3092 5217
481 487 747 557 epistularum
772 488 827 543 XC.
852 489 921 543 XCI.
1207 496 1270 557 427

123 684 282 765 potentem
305 682 400 747 deum
424 684 550 747 ueniam
574 683 707 748 aliorum
731 684 843 748 mereri
867 685 1003 749 delictis
1028 705 1123 769 quam
1147 687 1186 751 ob
1206 707 1271 751 rem

123 792 237 871 quanta
263 806 398 871 possum
426 790 657 872 supplicatione
686 790 834 873 deposco,
862 795 909 867 ut,
938 792 966 856 si
994 792 1189 858 defendenda
1220 814 1270 859 res

122 897 178 971 est,
206 896 355 961 innoxius
383 895 578 975 defendatur,
607 898 645 961 ab
674 898 895 963 innocentibus
923 899 1073 964 molestia
1097 903 1270 983 separetur.

121 999 246 1084 praesta
277 1002 348 1080 boc,
381 1002 467 1085 quod
494 1003 670 1068 secundum
698 1007 844 1069 naturam
872 1006 959 1069 tuam
989 1006 1136 1088 peruides
1160 1009 1270 1089 postu·

96 1110 187 1175 clari.
211 1110 251 1174 de
275 1109 399 1174 demnis
422 1109 527 1175 facilis
549 1112 659 1192 potest
680 1110 790 1175 haberi
813 1110 945 1187 taxati03
970 1114 1094 1176 tautum
1114 1112 1271 1196 supplicia

122 1217 335 1298 deprecamur.
368 1217 528 1299 acceptior
559 1217 618 1282 deo
651 1218 755 1296 uiuus,
788 1217 913 1283 domine
940 1217 1074 1302 insignis
1104 1222 1136 1285 et
1158 1222 1269 1285 merito

122 1323 322 1406 suscipiende
345 1324 451 1388 frater.

654 1517 736 1583 XCI.

226 1656 376 1710 DOMINO
396 1656 525 1710 rxiusso
544 1657 756 1722 MERITOQUE
777 1658 1006 1713 BONORABILI
1024 1660 1157 1713 FRATRI

84 1783 105 1816 ,.,
472 1746 655 1801 rueramo
675 1747 916 1803 roccarossa.

72 1871 83 1929 1
160 1873 229 1936 Iam
265 1873 352 1938 senio
384 1873 630 1956 frigescentibus
662 1874 814 1938 membris
847 1875 969 1939 feruere
1005 1874 1144 1938 animum
1175 1876 1269 1939 tuum

121 1979 236 2061 patriae
262 1979 393 2043 caritate
416 1998 474 2044 nec
497 1979 594 2043 miror
617 1981 650 2043 et
673 1978 767 2043 laudo
791 1982 886 2061 teque
914 1998 976 2044 non
1004 1982 1130 2043 tantum
1161 1982 1268 2045 tenere

120 2085 299 2150 memoriter
330 2105 443 2149 uerum
475 2086 572 2150 etiam
599 2086 668 2151 uita
696 2104 732 2150 ac
760 2086 902 2150 moribus
931 2085 1156 2168 demonstrare,
1182 2087 1267 2169 quod

120 2192 222 2257 nullus
264 2192 308 2257 sit
342 2192 464 2275 patriae
501 2191 687 2257 consulendi
723 2192 839 2256 modus
876 2195 932 2255 aut
968 2191 1040 2257 finis
1072 2193 1175 2269 bouis,
1207 2210 1268 2257 non

85 2313 105 2349 1⁵
120 2298 250 2378 inuitus,
274 2300 373 2362 immo
397 2299 493 2364 etiam
515 2298 619 2363 libens
643 2298 775 2381 accipio.
807 2298 891 2362 unde
919 2316 1072 2381 supernae
1101 2298 1267 2363 cuiusdam

120 2405 245 2485 patriae,
274 2404 307 2470 iu
335 2406 427 2470 euius
456 2408 564 2471 sancto
594 2424 698 2469 amore
726 2423 782 2487 pro
811 2408 917 2469 nostro
942 2404 1072 2470 modulo
1096 2405 1266 2484 intereos,

120 2511 231 2593 quibus
262 2512 302 2576 ad
328 2513 418 2576 illam
447 2512 674 2595 capessendam
702 2512 908 2589 consulimur,
932 2512 1149 2594 periclitamur
1172 2514 1267 2594 atque

119 2619 308 2696 laboramus,
335 2620 434 2684 talem
462 2620 558 2684 etiarn
585 2622 617 2683 te
640 2620 749 2701 ipsum
772 2619 876 2683 ciuem
899 2618 1015 2683 habere
1038 2619 1206 2697 uellemus‚
1230 2622 1268 2683 ut

121 2724 184 2789 eius
208 2726 431 2808 portiunculae
454 2727 486 2790 in
510 2726 568 2791 hae
591 2730 675 2791 terra
697 2726 911 2809 peregrinanti
934 2725 1057 2790 nullum
1082 2725 1267 2791 consulendi

85 2830 246 2895 amodum
294 2830 450 2914 finemque
496 2851 639 2897 censeres
680 2834 768 2896 tanto
812 2832 943 2896 effectus
985 2832 1107 2907 melior,
1149 2834 1265 2914 quanto

120 2939 241 3005 meliori
266 2940 393 3005 ciuitati
417 2939 521 3004 officia
545 2939 650 3003 debita
672 2958 876 3023 praerogares
900 2939 932 3003 iu
957 2939 1025 3002 eius
1046 2941 1172 3002 aeterna
1190 2957 1266 3021 pace

120 3046 238 3110 nullum
264 3046 423 3131 gaudendi
445 3045 537 3110 finem
562 3047 760 3123 inuenturus,
786 3047 877 3111 cuius
902 3046 942 3109 ad
959 3048 1085 3127 tempus
1103 3045 1265 3111 laboribus

121 3153 239 3217 nullum
262 3153 324 3217 tibi
346 3152 440 3217 finem
464 3153 615 3217 statueris
640 3152 838 3218 consulendi.

204 3344 240 3396 14
259 3368 292 3387 =
313 3361 338 3412 p.
357 3343 419 3404 426,
439 3344 521 3406 5-6;
540 3342 602 3405 428,
622 3344 755 3404 22-429‚
777 3345 789 3396 1

153 3486 169 3537 2
186 3484 342 3547 deferenda,
361 3490 425 3539 Μ
444 3484 616 3538 defendenda
634 3484 670 3537 M
748 3486 764 3537 3
783 3484 906 3537 innoxios
924 3483 955 3536 K
1039 3486 1056 3537 4
1076 3483 1218 3553 praeuides
1237 3484 1265 3539 R

153 3574 285 3642 postulari
305 3575 325 3639 (i
343 3574 376 3626 io
392 3589 449 3627 roa.
468 3590 502 3627 m.
521 3579 554 3626 ot
570 3573 629 3626 oid.
649 3578 674 3637 1)
694 3575 721 3626 A
794 3576 810 3627 5
829 3572 937 3637 habere,
957 3588 1024 3626 corr.
1044 3577 1105 3627 nal
1124 3573 1218 3627 haberi
1236 3573 1264 3627 R

122 3664 285 3732 tacceptor,
306 3677 375 3715 corr.
395 3666 455 3715 rm]
474 3662 610 3731 acceptior
627 3662 662 3715 M
735 3660 797 3730 deo]
818 3660 868 3715 diro
887 3660 915 3713 Il
984 3663 999 3715 7
1019 3660 1190 3731 suspiciende
1208 3662 1266 3715 Pu·

205 3804 283 3858 ioan
302 3803 414 3870 codices,
434 3805 483 3871 qui
500 3805 531 3855 in
550 3820 589 3871 ep.
609 3804 671 3856 Xc'.
680 3823 690 3870 ;
709 3804 815 3856 accedit

204 3895 235 3947 E
250 3919 284 3939 =
297 3895 403 3961 stupra
424 3894 481 3947 cod.
504 3893 755 3946 Cloeltcnbamcnsrb
773 3896 872 3945 16588
890 3910 910 3946 e.
931 3893 992 3946 XI:

295 4000 326 4051 p.
347 3986 414 4044 433,
435 3986 454 4036 3
474 3982 601 4047 (reddita)
623 4013 657 4021 —
678 3984 801 4049 435,15

156 4126 187 4177 12
204 4124 316 4179 laudate
335 4142 404 4194 quae
423 4124 457 4178 K
526 4143 581 4179 non
599 4129 708 4179 tantum
727 4142 781 4178 non
801 4130 893 4179 tenere
906 4124 1025 4178 MFAP
1043 4128 1126 4192 (poet.
1142 4140 1195 4177 nou
1209 4123 1262 4176 del.

123 4215 188 4282 Η)
205 4214 233 4270 Β
294 4216 327 4268 ll
348 4213 541 4285 capescendam
559 4213 656 4268 MAK
715 4215 750 4267 20
768 4230 921 4269 recenserea
939 4214 970 4268 F
1028 4215 1061 4267 21
1083 4213 1189 4267 ciuitati
1208 4229 1263 4266 me·

123 4301 178 4355 liori
195 4303 223 4359 R
293 4320 463 4374 praerogare,
481 4306 546 4358 or.2
565 4304 630 4359 add.
651 4304 751 4357 siris
771 4304 798 4356 P
863 4304 897 4358 23
916 4303 968 4357 tibi
987 4303 1090 4357 nullum
1108 4303 1136 4359 R
1208 4306 1264 4355 sta·

124 4399 206 4445 tuerer
225 4391 285 4446 cdd.
299 4394 440 4461 proeterf
