3092 5217
270 491 334 556 674
436 497 440 506 “
624 487 652 544 S.
679 486 818 540 Aureli
844 487 1065 557 Augustini

267 683 404 748 iniecisti
429 686 461 746 et
484 702 521 747 ea
539 701 664 765 quoque
688 682 757 762 ipsa
779 681 931 746 inuenisti
952 681 1072 746 talibus
1096 681 1191 746 rebus
1214 680 1300 744 nuda
1321 685 1420 763 atque

267 790 391 875 frigida,
426 789 483 854 ubi
518 789 576 854 hes
614 807 706 854 curas
742 791 814 852 tuas
853 787 1033 871 deponeres,
1071 787 1322 854 Christianorum
1358 787 1420 852 tibi

266 897 400 962 basilica
418 895 645 977 Hipponiensis
665 895 811 971 occurrit,
831 895 906 976 quia
918 895 951 958 in
971 914 1006 960 ea
1025 915 1108 959 nunc
1129 893 1419 976 semiepiscopus,

268 1003 322 1086 qui
341 1002 507 1085 aliquando
531 1001 594 1067 iste
617 1000 724 1083 pueris
742 1000 896 1066 uendidit.
922 1000 979 1066 sed
1001 1021 1059 1066 nec
1078 1004 1111 1066 te
1129 1001 1203 1065 uolo
1223 1020 1294 1066 esse
1314 1001 1418 1066 adhuc

266 1129 401 1194 puemm
420 1111 453 1173 et
470 1127 521 1172 me
540 1108 603 1171 iam
623 1126 693 1171 esse
716 1107 888 1189 puerilium
905 1127 1011 1172 rerum
1030 1108 1116 1172 sicut
1134 1127 1193 1172 nou
1218 1107 1420 1171 uenditorem
1452 1121 1465 1158 ⁵

265 1216 314 1280 ita
336 1235 393 1280 nec
416 1215 601 1298 largitorem
625 1213 725 1278 decet.
750 1233 831 1296 quae
856 1233 929 1278 cum
952 1215 998 1278 ita
1021 1214 1095 1292 sint,
1119 1215 1152 1279 id
1175 1219 1224 1280 est
1244 1234 1316 1278 cum
1337 1214 1420 1278 duae

265 1325 372 1387 tautae
396 1322 492 1386 urbes
515 1320 699 1385 Latinarum
727 1319 905 1385 litterarum
930 1321 1077 1399 artifices,
1102 1321 1202 1386 Roma
1225 1326 1321 1404 atquc
1346 1319 1421 1386 Car-

265 1431 373 1513 thago,
398 1447 456 1493 nec
475 1427 580 1492 taedio
599 1427 660 1492 tibi
684 1427 757 1506 siut,
782 1431 820 1492 ut
843 1430 910 1492 ate
933 1427 996 1492 ista
1018 1428 1211 1511 perquirant,
1236 1446 1293 1492 nec
1312 1427 1420 1491 taedia

265 1539 321 1600 tua
344 1537 464 1607 curent,
494 1538 531 1599 ut
553 1537 585 1598 te
613 1535 677 1598 ista
700 1534 935 1617 perquirentem
959 1534 1136 1615 exaudient,
1159 1534 1256 1600 miror
1278 1537 1419 1609 tantum,

265 1645 419 1723 quantum
439 1641 502 1706 dici
526 1660 586 1705 uon
610 1643 726 1724 potest,
750 1641 852 1706 uereri
871 1645 913 1718 te,
936 1645 1003 1706 tem
1026 1642 1103 1705 boni
1120 1642 1237 1724 ingenii
1255 1641 1419 1716 iuuenem,
1441 1657 1465 1696 ιο

264 1769 303 1813 ne
345 1749 377 1812 in
416 1747 546 1814 Graecis
590 1751 685 1830 atque
723 1749 930 1813 orientalibus
972 1748 1104 1814 urbibus
1146 1767 1339 1830 quemquam
1378 1747 1418 1811 de

263 1856 314 1919 his
354 1855 449 1920 rebus
486 1855 659 1920 molestum
701 1855 963 1938 interrogatorem
997 1855 1091 1920 feres.
1132 1855 1259 1920 facilius
1298 1854 1419 1937 quippe
1507 1918 1511 1924 .

265 1963 440 2027 corniculas
464 1961 496 2025 in
515 1961 622 2026 Africa
640 1961 778 2026 audieris
798 1981 892 2044 quam
917 1962 949 2026 in
972 1962 1038 2026 illis
1061 1963 1205 2044 partibus
1229 1962 1290 2026 hoc
1314 1979 1418 2045 genus

263 2069 364 2135 uocis.

212 2176 253 2239 10
308 2175 431 2240 Deinde
459 2174 487 2239 si
514 2173 607 2238 fallor
636 2178 668 2238 et
695 2174 863 2258 quisquam
891 2175 937 2238 ibi
969 2177 1049 2239 forte
1080 2174 1176 2239 huius
1203 2173 1292 2239 modi
1320 2190 1466 2255 quae-1⁵

263 2281 404 2346 stiouum
432 2281 520 2344 tanto
548 2281 660 2364 utique
689 2280 829 2346 odiosior
857 2283 974 2362 quanto
1002 2282 1035 2345 in
1067 2281 1132 2346 illis
1164 2280 1244 2345 locis
1276 2279 1420 2361 ineptior

262 2391 464 2470 percontator
491 2387 640 2464 ert'ten't,
673 2407 775 2452 noune
807 2388 910 2472 magis
940 2406 1046 2460 caues.
1078 2406 1116 2452 ne
1149 2387 1251 2452 multo
1284 2386 1417 2450 facilius

262 2495 411 2570 existant„
443 2495 497 2575 qui
530 2497 562 2558 te
597 2493 711 2559 Graeci
741 2494 885 2558 homines
919 2495 951 2558 in
976 2493 1109 2560 Graecia
1140 2493 1354 2559 coustitutum
1383 2495 1417 2556 et

262 2600 386 2666 Graeca
402 2600 551 2664 inbutum
573 2600 722 2681 primitus
745 2600 855 2684 lingua
874 2600 911 2664 de
930 2600 1011 2682 ipsis
1035 2600 1298 2683 philosophorum
1322 2597 1418 2663 libris

260 2707 369 2790 aliqua
385 2707 588 2790 interrogent,
608 2724 689 2787 quae
705 2705 814 2771 Cicero
829 2707 861 2770 in
881 2707 948 2772 suis
963 2707 1079 2771 litteris
1098 2724 1158 2771 non
1178 2706 1308 2787 posuit?
1329 2705 1419 2788 quod
1438 2724 1466 2764 eo

261 2813 291 2878 si
315 2813 474 2888 acciderit,
499 2812 577 2894 quid
599 2832 809 2894 responsurus
830 2817 885 2878 es?
903 2814 1010 2897 potius
1034 2816 1066 2877 te
1089 2813 1152 2877 ista
1175 2813 1207 2877 in
1226 2813 1418 2877 Latinorum

261 2922 428 2984 auctorum
445 2919 535 2984 libris
551 2939 645 3001 quam
659 2920 690 2984 in
707 2918 896 2984 Graecorum
917 2938 1012 2986 nosse
1031 2919 1194 2984 uoluisse?
1210 2937 1271 3000 qua
1284 2937 1418 3000 respon-

263 3026 350 3090 sione
368 3027 470 3109 primo
487 3025 636 3091 Graeciae
655 3027 752 3091 facies
771 3026 917 3091 iniuriam
932 3029 965 3091 et
978 3026 1073 3105 nosti,
1088 3046 1181 3109 quam
1202 3025 1249 3089 illi
1268 3025 1418 3090 homines

261 3132 321 3197 hoc
349 3151 411 3198 non
433 3133 549 3209 ferant;
580 3131 691 3197 deinde
718 3133 782 3196 iam
811 3133 980 3197 exulcerati
1004 3135 1037 3198 et
1063 3131 1135 3196 irati
1159 3133 1341 3213 quamcito
1372 3135 1417 3210 te,

260 3239 347 3321 quod
373 3239 468 3303 nimis
495 3258 557 3304 non
585 3240 647 3316 uis,
675 3243 708 3304 et
734 3238 881 3303 hebetem
907 3238 1104 3315 iudicabunt,
1134 3239 1189 3320 qui
1218 3237 1417 3304 Graecorum
1438 3261 1466 3301 es

260 3345 523 3428 philosophorum
543 3345 692 3429 dogmata
714 3347 767 3410 uel
791 3345 898 3429 potius
918 3346 1103 3428 dogmatum
1126 3345 1298 3428 particulas
1319 3365 1417 3426 quas-

261 3453 333 3516 dam
362 3452 536 3534 discerptas
565 3455 661 3535 atque
689 3453 848 3536 dispersas
880 3453 910 3516 in
939 3453 1060 3518 Latinis
1090 3453 1224 3537 dialogis
1254 3471 1351 3536 quam
1381 3455 1416 3518 in

295 3764 312 3818 3
331 3763 515 3835 Hipponensis
533 3765 593 3819 edd.
667 3768 788 3820 occurrat
802 3766 830 3819 A
879 3766 895 3819 5
914 3764 1095 3830 uenditorum,
1113 3769 1180 3821 Μ
1198 3765 1372 3821 uenditorem
1387 3767 1416 3821 P

260 3851 405 3922 6decetq;
426 3871 486 3907 cunr
504 3853 542 3908 M
612 3855 754 3908 itantum
778 3853 804 3907 V
865 3855 881 3908 9
901 3857 1004 3918 curent,
1024 3857 1414 3910 corr.m.1curentAcur·

259 3944 321 3994 rent
338 3941 399 3994 MP
417 3943 599 4012 (altresp.)
671 3943 896 4008 ud,m.2utP
967 3947 996 3998 te
1015 3959 1066 3998 om.
1085 3943 1147 3996 MA
1222 3944 1254 3998 10
1273 3960 1338 3997 uere
1357 3945 1413 3998 rite

259 4035 412 4090 m.2corr.
431 4032 459 4084 P
519 4034 550 4086 11
571 4033 694 4087 turbibus
714 4033 877 4103 (teap.)V
937 4035 971 4087 12
988 4032 1134 4087 molestum
1152 4050 1204 4089 om.
1223 4033 1251 4089 R
1313 4034 1348 4088 16
1368 4035 1412 4087 in·

260 4120 359 4189 eptior]
379 4138 422 4174 me
441 4121 531 4190 potior
548 4120 577 4176 A
667 4123 699 4176 17
723 4126 914 4192 percunctator
930 4122 1091 4177 MARP¹V
1196 4125 1326 4186 existerit,
1346 4130 1413 4178 m.2

260 4209 396 4263 exstiterit
413 4210 440 4263 P
504 4213 539 4265 22
558 4213 666 4276 inem,
685 4211 829 4266 m.1add.
848 4212 886 4266 M
956 4229 1025 4283 quae
1044 4212 1081 4266 M
1098 4213 1144 4284 qui
1167 4212 1194 4266 V
1258 4214 1291 4274 23
1312 4215 1409 4284 qnam]

260 4297 379 4366 quieM
429 4299 464 4355 25
482 4317 536 4354 non
555 4301 596 4354 uis
614 4300 736 4355 nimisR
791 4303 825 4356 26
844 4302 934 4372 potius
953 4301 1089 4356 om.P¹V
1139 4303 1174 4358 27
1194 4301 1414 4372 decerplesRV

259 4385 339 4456 (corr.
359 4386 518 4460 discerptas)
592 4389 738 4462 disperses]
759 4390 879 4462 dispares
898 4391 925 4446 A
944 4391 1094 4462 discerptas
1115 4392 1234 4461 (iterum)
1254 4391 1323 4445 ΡΨ
