3092 5217
520 466 788 535 epistularum
817 465 911 523 CXIX.
1216 469 1281 534 703

139 661 231 740 uiuit,
258 660 321 725 nisi
347 661 428 726 forte
451 679 512 725 non
536 660 631 726 huius
655 661 810 726 humanae
834 661 1004 744 aequitatis
1029 661 1084 726 sed
1108 661 1172 740 illa,
1201 681 1281 744 quac

140 767 216 832 dens
240 771 298 844 est,
322 769 392 832 sola
414 766 577 832 adseratur
600 786 670 832 esse
693 766 828 832 iustitia.

82 872 99 934 6
182 873 272 939 Unde
301 873 478 940 confirmari
509 893 560 938 me
589 892 624 938 er
652 873 798 938 omnibus
832 892 894 939 non
927 873 1031 940 solum
1064 874 1282 958 praesentibus

140 979 244 1044 uerbis
268 978 323 1043 sed
347 978 442 1043 etiam
465 979 598 1062 pleniori
622 979 760 1063 epistula
783 979 892 1044 uelim.
921 997 1021 1062 neque
1045 979 1127 1044 enim
1151 979 1199 1044 fas
1223 983 1283 1060 est,

112 1092 176 1152 sut
206 1089 306 1155 nostri
333 1090 459 1153 tantum
491 1087 588 1171 pedes
621 1088 659 1151 ab
692 1088 764 1166 ista,
798 1087 830 1152 in
860 1106 921 1170 qua
953 1087 1047 1152 multi
1078 1087 1283 1172 ingredimur,

140 1197 252 1261 erroris
279 1195 334 1260 uia
358 1201 391 1260 te
419 1198 566 1259 monente
592 1198 790 1260 reuocentur.
819 1195 998 1260 cumcuim
1024 1194 1120 1260 multi
1147 1195 1179 1259 in
1206 1195 1283 1274 illis,

139 1304 169 1366 in
202 1302 320 1385 quibus
351 1303 544 1380 habitamus,
581 1301 696 1366 insulis
729 1300 805 1366 dum
841 1303 928 1367 recto
961 1301 999 1366 ad
1031 1301 1117 1365 uiam
1149 1304 1285 1386 pergunt

139 1427 264 1493 aggere,
292 1409 324 1472 in
348 1409 509 1473 tramitem
537 1409 674 1472 tortuosi
700 1407 798 1472 buius
823 1407 936 1472 erroris
963 1408 1161 1486 incurrerint,
1186 1409 1283 1472 eritne

138 1516 255 1598 aliquis
276 1516 344 1579 illic
362 1515 574 1599 Augustinus,
599 1514 690 1580 cuius
715 1513 899 1580 auctoritati
918 1515 1040 1594 cedant,
1059 1514 1151 1580 cuius
1170 1515 1284 1580 doctri-

98 1641 122 1680 ιο
137 1640 195 1686 nae
220 1621 358 1698 credant,
383 1621 475 1686 cuius
496 1621 623 1706 ingenio
647 1624 858 1703 superentur?
881 1639 919 1684 an
943 1621 1023 1686 forte
1047 1641 1083 1686 ex
1106 1621 1160 1687 illo
1183 1624 1284 1705 pater-

139 1728 250 1792 nitatis
278 1729 394 1794 affectu
421 1728 525 1792 mauis
553 1745 604 1792 me
633 1729 759 1792 occulta
787 1727 999 1794 admonitione
1028 1727 1162 1814 dirigere
1189 1745 1284 1810 quarn

137 1835 230 1898 uelut
254 1834 402 1901 comitem
425 1834 516 1918 praui
537 1834 662 1899 itineris
685 1834 867 1918 increpare?
887 1834 943 1899 sed
966 1835 1044 1899 mibi
1067 1851 1121 1918 pro
1145 1834 1285 1898 utilitate

138 1942 261 2006 animae
289 1941 392 2026 magia
420 1961 515 2024 quam
546 1960 604 2024 pro
633 1942 753 2006 saeculi
784 1939 877 2006 laude
906 1961 1029 2007 currere
1056 1941 1196 2024 cupienti
1222 1959 1284 2006 non

138 2051 187 2112 est
209 2047 334 2113 inutilis
353 2067 389 2113 ac
412 2047 540 2132 perinde
561 2047 656 2113 etiarn
674 2066 736 2113 non
755 2067 861 2112 amara
879 2048 1042 2133 coargutio
1061 2051 1127 2126 tua,
1150 2048 1285 2112 manime

96 2172 120 2213 re
138 2171 212 2218 cum
237 2157 270 2218 et
295 2154 374 2218 mihi
398 2159 431 2219 et
453 2155 566 2220 ceteris
594 2155 694 2232 uitam
723 2153 821 2218 simul
847 2154 1038 2238 laudemque
1065 2155 1206 2238 paritura
1232 2153 1285 2230 sit,

137 2280 233 2326 nemo
262 2261 289 2324 si
314 2261 441 2343 quidem
465 2266 531 2326 tam
558 2262 697 2327 iniustus
722 2279 792 2326 esse
816 2262 933 2326 arbiter
955 2264 1072 2346 potest,
1098 2261 1153 2344 qui
1175 2279 1227 2324 nra
1250 2278 1286 2323 ex

139 2388 186 2446 eo,
222 2368 306 2450 quod
338 2368 508 2451 aliquando
542 2369 636 2434 deuia
667 2389 739 2434 snm
772 2373 915 2446 secutus,
949 2369 1106 2433 stultitiae
1139 2367 1286 2432 denotare

138 2475 241 2551 malit,
270 2493 363 2558 qnam
388 2494 423 2540 ex
447 2495 494 2553 eo,
523 2475 608 2559 quod
635 2479 723 2541 recta
745 2474 927 2560 delegerim,
955 2475 1124 2558 prudenter
1146 2473 1286 2538 iudicare

138 2585 317 2646 cunctetur.
349 2601 451 2666 neque
480 2583 565 2646 enim
598 2581 690 2646 stulti
720 2580 909 2646 aestimandi
942 2583 1026 2658 sunt,
1060 2598 1138 2661 quoe
1166 2579 1286 2643 Paulus

96 2706 120 2744 ro
138 2687 316 2771 apostolus,
345 2707 384 2753 ne
410 2688 443 2752 in
470 2687 626 2753 incertum
655 2690 826 2767 currerent,
855 2687 1045 2752 admonebat
1067 2685 1190 2751 dicens:
1220 2684 1286 2750 Sic

138 2795 307 2872 currite,
340 2799 384 2861 ut
415 2795 745 2878 adprehendatis.
784 2797 974 2878 quapropter
1005 2793 1058 2858 uia
1089 2792 1162 2870 ista,
1192 2811 1285 2874 quam

138 2902 308 2983 cuntmus,
340 2921 401 2968 non
434 2903 537 2967 solum
570 2901 773 2984 relinquenda
804 2900 894 2966 nobis
927 2919 1038 2965 uemm
1066 2899 1162 2963 etiam
1192 2898 1287 2961 inter-

138 3009 297 3074 cludenda
320 3013 413 3091 atque
438 3008 644 3082 praecidenda
666 3008 724 3073 tibi
749 3012 808 3083 est,
832 3026 871 3072 ne
889 3007 970 3072 forte
990 3007 1084 3072 ctiam
1104 3024 1158 3070 eos
1182 3002 1287 3070 fallaci

138 3114 321 3181 dilectionis
350 3115 553 3180 simulatione
579 3115 760 3180 frustretur.
790 3117 826 3179 tu
850 3112 933 3178 enim
957 3132 1018 3178 non
1042 3112 1201 3177 editorum
1223 3111 1287 3174 iarn

95 3240 156 3285 aaa
179 3241 234 3286 me
261 3222 413 3288 libromm
439 3222 541 3288 lector
567 3222 624 3286 sed
649 3221 882 3304 probandorum
905 3220 1096 3298 emendator,
1124 3218 1157 3282 ni
1183 3217 1287 3293 fallor,

138 3328 264 3394 electus
292 3347 336 3395 es.
364 3347 437 3392 narn
465 3328 497 3392 in
525 3328 582 3391 illa
609 3329 758 3411 epistula,
788 3345 882 3409 quam
910 3326 941 3390 in
969 3325 1035 3390 illis
1061 3324 1179 3390 libellis
1207 3325 1287 3388 nreis

138 3436 233 3500 uelut
259 3435 541 3518 praefatiunculam
568 3433 715 3516 praetuli,
747 3434 844 3498 huius
872 3431 959 3496 modi
985 3431 1082 3496 uerba
1110 3431 1288 3513 conscripta

231 3679 267 3732 20
284 3677 298 3731 Ι
318 3677 377 3733 Cor.
397 3679 422 3742 9,
442 3679 477 3732 24

176 3838 189 3891 l
212 3837 306 3906 huius]
319 3854 350 3905 p.
374 3841 434 3894 721.
454 3839 491 3889 10
508 3835 575 3890 baec
646 3837 662 3889 2
682 3839 786 3890 asserat
807 3835 860 3889 PT
913 3837 930 3889 4
949 3833 1038 3888 uerbis
1057 3850 1109 3888 em.
1132 3831 1211 3888 OPT
1227 3831 1287 3885 edd.

136 3931 287 3994 praeterm
340 3927 502 3980 6mouente
525 3925 576 3979 OT
631 3927 660 3978 ll
683 3924 893 3979 commonitione
917 3923 996 3978 OPT
1012 3923 1071 3978 edu.
1124 3923 1157 3976 14
1176 3920 1288 3991 proinde

138 4015 200 4069 edd.
260 4015 293 4069 16
312 4015 425 4084 arbiter]
446 4021 477 4069 nt
495 4015 612 4069 arbitror
632 4014 710 4069 OPT
726 4014 786 4071 edd.
843 4015 875 4068 17
896 4011 1055 4082 alioquando
1073 4011 1101 4065 Β
1163 4011 1197 4064 18
1215 4013 1291 4063 recta

138 4122 192 4159 om.
209 4104 291 4159 OPT
305 4104 366 4160 edd.
379 4110 528 4172 praeterea
599 4103 740 4172 dilegerim
755 4103 782 4154 B
830 4102 864 4156 21
885 4100 1119 4172 comprehendatis
1138 4099 1217 4156 OPT
1228 4099 1288 4152 edd.

137 4211 190 4249 sec.
210 4193 288 4263 Vulg.
345 4194 521 4264 quapropter]
542 4193 606 4262 quia
623 4191 701 4246 OPT
717 4190 778 4245 edd.
794 4196 944 4260 praeterea
981 4191 1015 4244 23
1033 4189 1087 4242 tibi
1106 4204 1156 4242 om.
1175 4187 1251 4241 OPT
1263 4203 1290 4238 m

138 4283 220 4337 nobis
240 4287 298 4336 cett.
313 4282 373 4337 edd.
425 4283 460 4335 24
473 4281 637 4335 frustrentur
654 4279 798 4347 OPTflr
816 4279 997 4333 frustremnrs
1046 4279 1081 4332 25
1099 4276 1195 4330 lectori
1213 4275 1292 4329 OPT

176 4371 346 4426 emendatori
367 4370 446 4424 OPT
497 4371 532 4426 26
550 4370 618 4424 meis
635 4369 737 4423 libellis
759 4368 837 4423 01³1*
853 4368 913 4422 edd.
969 4366 1213 4422 numediani>
