3092 5217
284 443 350 508 478
654 439 680 493 S.
708 439 845 493 Aureli
872 439 1092 509 Augustini

285 633 540 698 resurrectio
564 637 815 698 mortuorum
833 653 908 700 nen
927 637 1012 700 est?
1035 634 1222 699 manifestat
1239 635 1351 716 utique
1368 654 1421 699 non

287 759 395 808 omnes
423 757 493 804 esee
525 741 617 819 tales,
649 759 762 806 uerum
795 745 902 806 tamen
930 746 963 806 et
995 742 1075 808 tales
1103 762 1164 808 nen
1192 746 1280 807 extra
1312 740 1366 806 sed
1393 741 1422 806 in

286 848 331 912 eis
354 847 455 912 luisse
478 849 625 912 testatur.
649 867 667 912 a
690 847 807 930 quibus
831 868 870 914 ne
892 849 942 912 illi
965 849 1200 926 seducerentur,
1224 849 1281 933 qui
1303 866 1363 913 non
1383 849 1425 913 ita

287 955 475 1032 sentiebant,
517 955 612 1038 paule
653 957 728 1037 post
768 955 894 1026 monuit
929 954 1054 1021 deone:
1095 955 1237 1021 Nolite
1275 954 1453 1029 sedech.
1508 968 1509 1055 p

288 1064 554 1143 corrumpunt
580 1079 711 1126 meres
745 1062 871 1128 bones
904 1063 1127 1144 conloquia
1152 1062 1267 1128 mala.
1302 1061 1461 1126 sobriis

288 1170 432 1246 estete,
459 1167 563 1232 iusti
587 1170 626 1232 et
652 1167 783 1232 nolite
810 1187 996 1251 peccare;
1025 1169 1301 1252 ignorantiam
1330 1168 1425 1231 enim
1508 1196 1509 1203 ,

288 1274 352 1338 dei
376 1273 538 1356 quidam
562 1273 727 1350 habent3
757 1274 803 1339 ed
825 1274 1101 1339 reuerentiam
1130 1275 1250 1340 uobis
1276 1275 1426 1355 loquer.
1508 1326 1509 1331 ,

289 1380 374 1465 qued
397 1381 614 1446 autemdicit:
641 1379 732 1446 Cum
754 1381 859 1446 enim
883 1381 968 1446 siut
990 1382 1094 1446 inter
1115 1400 1188 1446 nes
1207 1381 1426 1446 aemulatio

289 1492 328 1554 et
348 1487 570 1564 cententio,
594 1506 723 1553 noune
743 1489 929 1552 ceruales
948 1488 1052 1552 estis
1077 1490 1116 1552 et
1138 1488 1354 1553 secundum
1371 1487 1427 1551 he·
1508 1476 1509 1519 l

289 1595 432 1659 minem
473 1594 718 1658 ambulatis?
758 1597 922 1676 tamqnam
958 1595 1105 1660 omnibus
1143 1595 1223 1660 dicit
1258 1599 1292 1658 et
1331 1593 1462 1668 uidess
1508 1586 1509 1649 Ϊ

289 1721 384 1786 quam
418 1702 461 1766 sit
497 1720 604 1786 graue,
638 1700 722 1783 quod
755 1701 843 1766 dicit.
875 1701 1006 1785 proinde
1038 1701 1099 1766 nisi
1129 1702 1162 1766 in
1194 1702 1267 1786 ipsa
1297 1700 1427 1784 epistula

289 1809 483 1893 legeremus:
516 1807 681 1874 Gratias
709 1827 782 1892 ago
811 1807 884 1874 dee
913 1827 997 1874 mee
1030 1827 1186 1892 semper
1217 1827 1286 1892 pro
1314 1805 1426 1871 uobis
1508 1804 1509 1863 ἴ

289 1915 327 1979 in
353 1913 486 1998 gratia
510 1913 583 1992 dei,
614 1933 712 1998 quae
736 1915 831 1980 data
854 1918 918 1980 est
939 1914 1054 1980 uobis
1077 1915 1116 1979 in
1140 1915 1305 1981 Christe
1328 1915 1426 1987 lesu,
1508 1888 1509 1957 7

292 2021 386 2104 quie
407 2020 445 2084 in
466 2021 652 2086 omnibus
672 2022 797 2087 ditati
821 2021 925 2086 estis
947 2021 986 2085 in
1010 2021 1097 2099 illo,
1121 2022 1159 2086 in
1184 2020 1289 2086 omni
1311 2019 1426 2085 uerbo
1508 2084 1509 2091 ,

293 2133 331 2196 et
366 2129 404 2194 in
443 2129 546 2194 omni
584 2129 772 2205 scientie,
811 2128 923 2195 sicut
958 2129 1246 2194 testimenium
1280 2124 1460 2193 Christis
1508 2186 1509 2197 ,

293 2235 579 2304 confirmatum
604 2235 727 2301 estin
751 2235 880 2314 nobis,
908 2235 969 2300 ita
990 2238 1035 2300 ut
1056 2235 1163 2300 nihil
1184 2235 1306 2299 uebis
1328 2232 1426 2298 desit
1508 2288 1509 2291 ,

292 2345 329 2408 in
362 2343 448 2408 ulle
481 2343 626 2427 gratia,
659 2346 845 2426 putaremus
877 2361 986 2407 omnes
1015 2341 1197 2408 Corinthios
1230 2343 1368 2407 carnales
1398 2344 1425 2403 et
1508 2412 1509 2417 ,

293 2450 454 2525 animales,
474 2468 536 2513 nen
554 2448 775 2532 percipientes,
794 2451 966 2532 quaesunt
983 2449 1116 2532 spiritns
1132 2448 1193 2528 dei,
1211 2449 1425 2522 contentiosos,

294 2555 447 2633 aemulos,
481 2554 656 2620 secundum
689 2555 849 2620 hominem
877 2555 1089 2620 ambulantes.
1120 2553 1229 2638 itaque
1258 2559 1299 2620 et
1323 2557 1424 2619 totns
1508 2560 1509 2563 ’

293 2662 464 2727 mundns
493 2661 532 2725 in
555 2661 733 2744 maligne
760 2660 927 2743 pesitus
956 2665 1020 2727 est
1044 2665 1174 2745 propter
1199 2661 1329 2738 zizania,
1353 2675 1458 2742 quaes
1508 2720 1509 2723 ,

295 2771 371 2834 sunt
406 2786 463 2852 per·
498 2772 603 2832 tetum
639 2767 805 2846 mundum,
843 2771 876 2834 et
904 2766 1051 2834 Christus
1089 2769 1340 2852 propitiatur
1371 2767 1425 2830 est
1508 2798 1509 2851 p

295 2876 556 2958 peecatorum
576 2877 821 2951 nostrorum,
844 2893 919 2940 nen
942 2878 1100 2941 tantum
1117 2881 1349 2941 nostrerum
1365 2870 1424 2939 sed
1508 2916 1509 2951 ,

298 2985 335 3046 et
367 2982 500 3046 tetius
533 2980 669 3046 mundi
702 2984 830 3065 prepter
861 2980 1015 3060 triticum,
1050 2981 1137 3065 qued
1167 2984 1218 3046 est
1248 3001 1305 3064 per
1333 2984 1424 3046 tetum
1508 2990 1509 3023 l

296 3088 462 3153 mundum.

245 3189 286 3253 33
342 3194 599 3278 Refrigescit
627 3195 734 3259 antem
763 3194 918 3259 caritas
946 3195 1167 3260 multorum
1198 3197 1326 3277 propter
1350 3209 1459 3256 scau-s
1508 3262 1509 3269 ,

299 3299 442 3367 dalornm
483 3301 719 3379 abundantiam,
761 3303 879 3384 quante
919 3302 1023 3386 magis
1064 3301 1230 3386 magisque
1270 3299 1426 3385 glorificate

388 3545 517 3601 arcer.
539 3548 581 3616 15,
600 3546 707 3600 33-34
767 3543 979 3609 arcessa
1042 3543 1188 3601 121001.
1208 3547 1234 3613 1,
1252 3546 1321 3599 4-r
1371 3539 1427 3596 171

301 3635 360 3690 eor.
380 3636 405 3700 2,
427 3636 552 3701 reas
608 3633 748 3688 1911011.
769 3636 794 3697 s,
813 3635 848 3689 19
902 3633 1045 3688 2111011.
1066 3635 1127 3700 aa
1182 3636 1216 3691 aa
1236 3629 1427 3695 sienem
1508 3710 1509 3713 ,

339 3811 516 3866 lmaniiesta
533 3813 561 3864 Α
615 3812 772 3880 aextrsjse
791 3809 841 3865 sed
857 3811 896 3864 M
956 3810 1047 3866 3illis
1066 3809 1246 3865 educerentur
1259 3806 1430 3866 cerasatP

337 3902 394 3971 qni]
414 3900 485 3970 qnod
502 3903 530 3954 A
549 3903 577 3955 et
596 3901 642 3970 qni
660 3899 714 3954 PL
767 3898 914 3956 dsesduci
931 3903 955 3966 (t
972 3904 1054 3967 erce.)
1073 3899 1110 3954 M
1156 3900 1271 3968 tincti]
1289 3899 1358 3952 inste
1373 3897 1429 3963 estc
1508 3928 1509 3931 =

301 4007 351 4046 sec.
376 3990 456 4059 Vulp.
477 3988 528 4056 (ed.
550 3988 632 4046 Clam.
650 3989 727 4056 iusti)
747 3995 773 4042 et
794 3989 844 4043 Gr.
905 3990 978 4044 8sit
995 3991 1023 4044 Δ
1040 4003 1092 4043 sec.
1116 3988 1194 4058 Vulp.
1268 3988 1365 4042 testis
1381 4001 1427 4038 ear·

301 4080 377 4134 nales
396 4079 457 4133 edd.
514 4079 547 4133 16
566 4077 638 4132 desit
655 4079 734 4132 uobis
752 4078 781 4132 P
798 4078 859 4132 edd.
928 4079 961 4132 17
980 4077 1008 4132 in
1027 4077 1104 4132 nulla
1120 4077 1149 4131 P
1219 4077 1309 4147 gratia
1325 4076 1347 4129 si
1362 4076 1428 4144 puts·
1508 4104 1509 4147 j

303 4184 391 4222 remus
410 4167 438 4222 R
510 4170 549 4238 et]
570 4169 652 4222 etism
672 4166 744 4222 etc
827 4167 863 4222 23
882 4170 911 4220 et
929 4181 980 4221 cns.
998 4166 1062 4221 MA
1132 4169 1217 4229 totns,
1236 4181 1305 4220 cerr.
1323 4167 1377 4217 aad
1392 4168 1428 4215 te·

303 4257 359 4310 tius
376 4256 414 4310 M
496 4261 537 4310 est
555 4273 616 4321 om,
635 4261 695 4313 m.1
716 4255 782 4310 add.
801 4255 840 4309 M
926 4255 961 4308 25
979 4254 1139 4324 refrigeseit,
1158 4270 1230 4309 eurr.
1248 4248 1430 4322 refrigescet

304 4345 462 4414 refrigescet
480 4344 507 4396 P
