3092 5217
270 479 334 544 698
627 478 654 535 S.
682 479 819 533 Aureli
846 480 1065 550 Augustini

1516 303 1517 342 l

1516 347 1517 390 r

268 693 387 756 querer.
416 693 487 738 nam
517 674 555 738 de
579 674 693 740 ceteris
721 695 849 759 possem
873 676 968 740 etiam
993 675 1137 740 decenter
1163 675 1357 760 interrogari,
1382 679 1406 741 si

267 780 347 845 mihi
371 781 540 863 quisquam
566 801 616 847 res
645 781 732 864 ipsas
760 800 821 846 non
846 781 884 846 de
911 781 1001 846 libris
1026 782 1186 848 Ciceronis
1215 782 1270 847 sed
1297 802 1353 864 par
1377 803 1406 847 se

267 888 355 971 ipses
382 887 562 952 tractandas
586 887 871 970 dissoluendasque
894 889 1061 971 proferret3
1090 888 1122 952 in
1145 889 1210 953 illis
1234 891 1342 953 autem
1363 909 1405 953 res

267 995 355 1076 ipsae
378 1013 463 1058 nunc
491 998 616 1060 nostrae
642 995 834 1076 professioni
862 995 965 1060 minus
989 998 1178 1079 congruunt.
1207 995 1284 1060 llaec
1309 999 1406 1060 antem

268 1100 373 1165 omnia
395 1120 455 1165 non
480 1100 626 1178 facerem,
654 1100 790 1165 nisime
817 1104 892 1186 post
915 1101 1155 1186 aegritudinem,
1179 1101 1211 1164 in
1234 1120 1296 1183 qua
1320 1121 1406 1180 eram,
1431 1125 1442 1162 r
1516 1081 1517 1120 ¹

268 1224 341 1270 cum
364 1207 458 1273 homo
482 1211 558 1272 tuus
581 1208 734 1285 uenisset,
759 1207 955 1290 aliquantum
981 1207 1019 1270 ab
1038 1207 1186 1291 Hippone
1208 1225 1406 1272 remouerenr.

268 1313 384 1394 quibus
407 1313 485 1377 item
504 1313 616 1378 dicbus
639 1313 875 1397 perturbatione
894 1312 1081 1378 ualitudinis
1104 1313 1308 1396 febribusque
1330 1333 1406 1396 repe·

267 1419 347 1484 titus
367 1438 448 1484 sum.
466 1419 540 1484 inde
558 1420 678 1486 factum
698 1424 758 1496 est,
777 1424 814 1484 ut
832 1419 964 1498 tardius,
985 1439 1078 1503 quam
1097 1423 1239 1503 possent,
1259 1420 1319 1485 tibi
1337 1421 1405 1485 haec

267 1525 477 1592 mitterentur.
501 1546 581 1609 quae
606 1546 667 1609 quo
691 1527 785 1592 modo
811 1527 980 1610 acceperis,
1003 1527 1157 1609 rescripta
1179 1526 1299 1610 flagito.

785 1739 894 1804 CXIX.
1419 1766 1440 1806 ro

351 1877 498 1932 DOMINO
517 1877 658 1934 SANCTO
677 1878 724 1934 AC
742 1878 960 1934 BEATISSIMO
980 1877 1099 1932 Persa
1117 1877 1327 1933 AUGUSTINO

723 1967 961 2024 CONSENTIUS.

225 2101 241 2163 1
311 2093 379 2157 Iam
408 2093 535 2176 quidem
568 2099 676 2160 sancto
704 2095 847 2179 mihique
877 2095 998 2160 cunctis
1031 2094 1127 2159 animi
1158 2093 1333 2158 uirtutibus
1359 2091 1403 2155 ad-

267 2200 407 2265 mirando
445 2199 533 2266 fratri
565 2205 620 2266 tuo
653 2201 768 2284 Alypio
802 2202 949 2285 episcopo
987 2219 1087 2284 genus
1125 2199 1290 2283 petitionis
1325 2217 1403 2263 meae

267 2307 357 2371 breui
380 2326 524 2372 sermone
547 2327 770 2392 suggesseram
797 2327 936 2390 sperans,
961 2325 1089 2391 precum
1110 2326 1252 2371 mearum
1272 2309 1309 2370 ut
1330 2305 1404 2389 apud
1418 2324 1437 2363 1⁵

268 2417 300 2476 te
324 2431 395 2476 esse
423 2413 548 2478 adiutor
575 2414 765 2497 dignaretur.
796 2413 851 2479 sed
881 2415 955 2496 quia
982 2413 1196 2496 praesentiam
1221 2411 1300 2476 mihi
1325 2416 1402 2476 tuam

269 2537 413 2601 eaquae
433 2518 472 2583 ad
490 2519 602 2585 uillam
624 2520 668 2584 ire
689 2521 854 2604 compulit,
875 2539 972 2586 causa
989 2519 1160 2598 fraudarit,
1183 2519 1282 2583 malui
1299 2519 1402 2582 litteris

267 2643 394 2707 precem
416 2625 554 2690 inserere
578 2646 672 2709 quarn
696 2627 945 2710 expectationem
971 2626 1066 2690 animi
1089 2625 1252 2701 fluctuare,
1282 2624 1402 2688 maxime
1474 2665 1477 2675 ι

268 2750 340 2795 cum
368 2731 412 2809 id,
441 2732 525 2813 quod
554 2735 693 2814 postulo,
723 2733 750 2797 si
779 2733 857 2797 mihi
882 2733 1010 2798 concedi
1039 2735 1181 2814 oportere
1207 2730 1402 2813 perspexeris.

268 2837 417 2902 adiuuare
446 2857 574 2902 sensum
598 2831 690 2904 tuum
714 2839 871 2904 altissima
898 2839 1049 2922 mysteria
1075 2840 1323 2922 perscrutantem
1348 2835 1437 2900 locis

267 2943 380 3026 ipsius,
413 2947 450 3008 ut
481 2945 624 3022 arbitror,
658 2945 689 3008 in
725 2964 786 3027 quo
819 2964 902 3009 nunc
931 2945 1091 3023 consistis,
1124 2946 1231 3009 ualeat
1264 2940 1401 3008 solitudo.

304 3205 315 3256 l
337 3205 438 3273 possim
458 3205 539 3259 ctiam
559 3206 585 3258 A
604 3206 686 3259 etiam
704 3223 812 3276 possem
830 3207 858 3262 Β
947 3208 964 3259 4
982 3206 1041 3275 ipsa
1058 3205 1121 3259 MA
1199 3203 1360 3274 professione
1382 3202 1402 3251 V

302 3297 393 3346 autem
412 3311 462 3348 om.
482 3294 551 3347 P¹V
620 3297 636 3348 5
655 3311 709 3348 non
728 3311 788 3358 orn,
808 3293 953 3348 m.1add.
973 3294 1001 3347 P
1088 3295 1115 3348 in
1136 3309 1280 3363 quaeram
1296 3295 1358 3346 m.2
1373 3307 1401 3344 aa

266 3383 407 3450 inquorum
425 3381 453 3435 P
469 3382 603 3451 inquiram
615 3382 653 3435 M
703 3383 721 3436 6
738 3399 876 3436 monerem
890 3383 926 3436 M
942 3384 1116 3438 remouissem
1131 3384 1201 3437 lrm
1260 3382 1275 3434 'i
1291 3379 1401 3456 febribus

268 3487 349 3541 quere
367 3472 472 3540 petitus
491 3472 557 3542 (pro
576 3488 628 3541 quc
646 3489 703 3526 ras.
723 3476 760 3541 q.)
780 3470 817 3525 M
858 3471 875 3526 8
897 3472 937 3541 nt]
958 3470 1031 3541 quod
1048 3471 1076 3526 R
1126 3473 1142 3525 9
1161 3471 1278 3541 Explicit
1294 3467 1401 3540 epistula

267 3560 354 3614 sancti
378 3560 498 3629 agustini
520 3559 555 3613 ad
579 3559 731 3614 dioscorum
754 3560 792 3614 Μ
813 3559 923 3630 explicit
947 3561 1064 3629 epistula
1086 3560 1174 3614 sancti
1197 3558 1333 3629 augustini
1349 3557 1399 3627 epi-

266 3648 341 3718 scopi
359 3647 394 3702 ad
412 3647 563 3702 dioscorum
582 3648 609 3701 P

478 3799 507 3853 Β
534 3825 568 3846 =
587 3800 645 3854 cod,
667 3800 851 3854 Bononiensis
873 3803 919 3863 58,
938 3799 1052 3855 1281,
1072 3799 1126 3854 IX.

482 3886 506 3941 0
533 3913 566 3932 =
586 3887 644 3942 cod.
664 3887 972 3955 Arcdomaropols'tcmss
989 3890 1046 3940 142
1063 3903 1085 3941 a.
1106 3886 1198 3941 XIII.

479 3977 506 4030 P
532 4001 566 4021 =
585 3977 643 4031 cod.
662 3975 814 4029 Parisinus
831 3979 908 4028 1929
925 3991 946 4030 s.
968 3974 1058 4030 XIII.

483 4067 508 4120 Τ
533 4090 567 4112 =
587 4067 644 4120 cod.
667 4065 808 4120 Trecenais
829 4069 869 4118 40
886 4082 907 4122 s.
926 4064 1019 4118 XIII.

303 4217 335 4270 14
354 4215 480 4286 episcopo
499 4232 550 4271 om.
568 4215 621 4269 ΟΥ
636 4215 697 4268 edd.
712 4219 862 4283 praeterae
900 4217 932 4269 15
953 4217 984 4268 ut
1002 4231 1053 4268 om.
1068 4213 1097 4267 Β
1135 4216 1167 4268 16
1186 4214 1291 4268 adiutor
1308 4211 1396 4265 esscP

300 4309 350 4358 tua
366 4305 442 4373 (m.2
459 4307 518 4368 tui)
538 4319 652 4373 meaque
671 4303 706 4357 ad
723 4303 752 4357 Β
790 4304 822 4357 18
840 4309 903 4372 post
922 4319 1001 4372 quam
1016 4306 1081 4356 ca2
1096 4303 1161 4356 cdd.
1176 4320 1193 4372 p
1208 4303 1235 4356 Β
1270 4301 1394 4368 aopscrn·

265 4397 369 4446 tantem
388 4410 448 4446 cum
467 4409 523 4446 ras.
543 4395 614 4446 1-2
633 4393 685 4447 citt.
700 4397 766 4460 post
785 4400 801 4463 p
821 4391 918 4460 (supra
937 4400 954 4461 p
973 4395 1038 4446 m.2
1054 4391 1068 4446 1
1086 4397 1115 4461 p)
1135 4391 1162 4444 B
