3092 5217
273 480 337 546 666
630 478 657 535 S.
686 477 825 532 Aureli
856 477 1074 546 Augustini

230 664 250 726 2
317 674 401 738 Ecce
420 673 504 738 enim
526 677 577 738 tot
595 673 713 757 dialogi
736 673 814 738 lecti
837 671 864 736 si
888 671 927 736 ad
950 671 1124 737 uidendum
1147 670 1241 736 finem
1262 673 1294 735 et
1318 689 1418 752 capes-

275 780 408 846 sendum
437 779 577 844 omnium
606 778 765 843 actionum
794 783 920 843 tuarum
953 777 1032 842 nihil
1059 782 1090 844 te
1120 779 1320 856 adiuuemnt,
1349 777 1420 859 quid

274 888 429 968 prosunt?
458 886 508 951 dic
535 886 623 951 mihi.
657 905 728 949 nam
757 884 813 950 ubi
845 885 940 949 finem
966 869 1301 950 ¹constitueris'totius
1329 883 1419 948 huius

274 993 513 1076 flagrantissimi
537 977 639 1057 studii
666 992 714 1056 tui
742 996 775 1056 et
803 991 862 1056 tibi
888 992 1079 1057 infructuosi
1107 995 1139 1056 et
1166 991 1258 1056 nobis
1286 990 1419 1066 molesti,

276 1100 416 1184 epistula
433 1103 490 1165 tua
509 1100 587 1164 satis
605 1097 737 1164 indicas.
754 1099 924 1164 cumcuim
941 1099 979 1163 de
998 1098 1160 1163 soluendis
1176 1099 1419 1180 quaestionibus,
1446 1121 1457 1160 s

276 1225 354 1288 quas
381 1203 511 1284 misisti,
544 1206 628 1289 apud
655 1223 706 1269 me
737 1226 794 1288 per
824 1206 948 1270 litteras
977 1209 1147 1290 satageres,
1179 1204 1226 1269 ita
1253 1206 1420 1288 scripsisti:

275 1313 418 1378 ‘Possem
446 1312 499 1389 te',
527 1312 645 1394 inquis,
673 1312 756 1394 ‘plue
781 1315 813 1376 et
839 1331 895 1396 per
922 1312 1040 1377 multos
1070 1330 1157 1376 caros
1186 1317 1261 1377 tuos
1291 1331 1420 1382 exorare,

277 1418 333 1483 sed
356 1419 431 1483 noui
455 1418 594 1483 animum
613 1420 716 1496 tuum,
741 1418 876 1505 quinon
899 1418 1004 1502 rogari
1023 1418 1180 1482 desiderat
1203 1418 1260 1483 sed
1280 1419 1421 1484 omnibus

276 1530 446 1610 praestare,
483 1526 511 1590 si
543 1528 667 1591 tantum
699 1526 794 1606 absit,
829 1526 914 1608 quod
947 1526 1088 1604 dedecet,
1121 1525 1206 1610 quod
1237 1526 1268 1591 in
1304 1527 1364 1591 hac
1391 1547 1422 1591 re

275 1633 402 1716 penitus
425 1633 505 1703 nihil
524 1635 575 1697 est
593 1632 764 1698 dedecoris.
787 1636 893 1698 tamen
914 1631 1135 1716 quodcumque
1160 1625 1219 1711 est,
1243 1635 1317 1715 peto
1340 1653 1423 1718 prae·
1438 1657 1459 1695 ro

277 1743 342 1815 stes
365 1739 573 1824 nauigaturo'.
598 1741 630 1806 iu
653 1740 704 1804 his
728 1741 835 1806 uerbis
855 1740 1011 1822 epistulae
1034 1742 1108 1806 tuae
1131 1745 1216 1805 recte
1235 1740 1363 1822 quidem
1387 1740 1422 1804 de
1524 1736 1525 1804 ἐ

263 1865 327 1938 ιΠιθ
359 1845 532 1925 existimas,
566 1846 650 1931 quod
683 1847 831 1912 omnibus
863 1852 1022 1930 praestare
1052 1845 1239 1924 desiderem,
1272 1847 1300 1912 si
1334 1847 1421 1925 absit,
1473 1911 1476 1918 ,

278 1954 363 2036 quod
390 1953 535 2029 dedecet;
565 1952 622 2018 sed
649 1954 681 2018 in
710 1955 769 2018 hac
798 1974 831 2018 re
858 1953 938 2018 nihil
962 1973 1033 2022 esse
1057 1953 1230 2030 dedecoris,
1260 1972 1322 2017 non
1349 1953 1423 2020 milri

276 2060 415 2127 uidetur.
452 2042 520 2125 non¹
546 2062 629 2126 euim
663 2061 816 2126 dedecora
851 2060 948 2126 facies
984 2080 1088 2126 reruni
1127 2059 1264 2145 adtingit
1300 2079 1422 2124 sensum

277 2186 394 2245 meum,
433 2185 506 2232 curn
543 2168 648 2252 cogito
687 2167 873 2250 episcopum
910 2166 1136 2232 ecclesiasticis
1174 2169 1259 2231 curis
1297 2168 1423 2231 circum·
1438 2185 1458 2224 rs
1525 2168 1526 2194 i

278 2273 494 2358 strepentibus
523 2273 704 2339 districtum
733 2258 827 2358 atque
852 2273 1027 2340 distentum
1053 2277 1181 2358 repente
1205 2273 1296 2356 quasi
1320 2273 1423 2354 obsur-

278 2379 459 2446 descentem
478 2380 624 2446 cohibere
649 2399 683 2446 se
703 2382 741 2444 ab
760 2381 811 2445 his
832 2361 979 2446 omnibus
999 2384 1031 2444 et
1049 2380 1249 2466 dialogorum
1269 2379 1423 2444 Tulliano-

276 2506 347 2550 mm
370 2486 627 2568 quaestiunculas
657 2489 709 2551 uni
741 2488 932 2552 scholastico
958 2491 1132 2571 exponere?
1161 2486 1246 2568 quod
1275 2489 1422 2568 quantum

278 2593 438 2670 dedeceat,
463 2613 654 2676 quamquam
677 2597 806 2659 tuomm
831 2594 1010 2658 studiorum
1031 2596 1141 2676 raptus
1166 2593 1276 2658 ardore
1299 2612 1421 2678 prorsus
1526 2647 1527 2676 ,

277 2699 360 2764 nolis
397 2700 576 2778 adtendere,
612 2703 650 2766 tu
682 2701 779 2765 etiam
816 2702 917 2766 sentis
953 2704 1070 2767 tamen.
1110 2691 1186 2782 quid
1219 2693 1301 2764 enim
1341 2698 1459 2763 alinde
1526 2697 1527 2706 ’

278 2806 407 2882 indicat,
432 2806 526 2889 quod,
551 2826 623 2870 cum
644 2807 778 2874 dixisses
803 2808 834 2883 in
859 2807 918 2872 hac
941 2827 974 2871 re
997 2807 1125 2890 penitus
1149 2807 1227 2871 nihil
1247 2825 1317 2871 esse
1336 2805 1423 2870 dede.

279 2912 371 2992 coris,
391 2913 500 2977 statim
520 2913 704 2980 adiunxisti:
722 2914 850 2978 ‘Tamen
871 2913 1092 2996 quodcumque
1112 2917 1170 2990 est,
1194 2917 1268 2996 peto
1288 2917 1422 2998 praestes

279 3019 488 3102 nauigaturo'.
518 3019 577 3083 hoc
602 3020 684 3084 enirn
713 3024 806 3085 sonat
832 3019 934 3085 uideri
963 3020 1022 3098 tibi
1046 3005 1174 3103 quidem
1202 3019 1281 3084 nihil
1309 3020 1339 3084 in
1368 3019 1421 3082 hac

278 3145 311 3190 re
341 3144 412 3190 esse
441 3124 614 3203 dedecoris,
647 3131 764 3206 tamen,
795 3128 1015 3210 quodcumque
1044 3131 1094 3190 est
1114 3119 1295 3204 dedecoris,
1322 3129 1422 3209 petere

278 3238 321 3311 te,
353 3235 391 3297 ut
421 3236 579 3315 praestem
607 3234 806 3318 nauigaturo.
840 3233 897 3298 sed
925 3233 1001 3316 quid
1030 3235 1088 3310 est,
1121 3251 1239 3315 quaeso
1268 3236 1308 3310 te,
1342 3229 1421 3314 quod
1436 3249 1458 3290 a

278 3339 429 3404 addidisti
443 3341 674 3424 ‘nauigaturo‘i
694 3359 732 3404 an
752 3359 822 3424 ego,
843 3339 906 3403 nisi
925 3340 1132 3424 nauigaturus
1152 3357 1251 3414 esses,
1269 3341 1420 3420 praestare

369 3547 455 3600 s-rr
476 3571 510 3594 =
529 3564 555 3616 p.
574 3547 636 3608 ees,
657 3548 742 3600 r-rr

314 3671 330 3724 3
348 3670 435 3724 totius
453 3685 505 3725 em.
519 3670 548 3726 R
597 3671 613 3724 5
633 3669 666 3724 de
685 3670 835 3740 soluendis]
856 3669 1036 3734 dissoluendie
1050 3670 1142 3726 ΜΔΕ
1196 3672 1294 3736 ituoe
1314 3669 1420 3726 carosB

279 3758 420 3827 8quiaR
470 3759 503 3811 13
523 3757 671 3812 dedicetA
722 3761 756 3814 14
775 3759 956 3814 uidereturV
1026 3759 1158 3814 dedecore
1177 3763 1234 3828 (pr.
1254 3759 1288 3814 de
1306 3743 1419 3826 esplP¹

279 3846 376 3902 decora
394 3847 454 3904 edd.
469 3851 584 3918 praeter
603 3865 621 3900 a
678 3848 710 3901 15
730 3832 791 3906 eum
809 3850 902 3902 omri
976 3853 1036 3918 epm
1055 3865 1163 3904 escrae.
1181 3854 1208 3902 et
1226 3865 1294 3903 corr.
1314 3843 1419 3901 m.1P¹

281 3937 313 3990 16
333 3934 485 3990 districtum
504 3952 561 3992 raa.
580 3953 614 3989 ex
632 3935 793 3994 distructum
812 3936 840 3988 P
858 3935 1016 3990 distinctum
1035 3938 1062 3991 Δ
1127 3937 1159 3990 li
1179 3937 1304 3991 cohibere
1322 3937 1360 4005 se]
1380 3951 1418 3988 co-

278 4024 372 4078 hibere
391 4025 468 4078 codd.
490 4025 532 4088 (in
549 4025 577 4078 P
593 4027 660 4090 pm
679 4023 809 4089 cohiberi)
822 4042 840 4078 a
859 4024 979 4080 cohiberi
993 4027 1073 4095 eflr
1091 4025 1217 4080 cohibere
1232 4043 1297 4082 sem
1332 4026 1363 4098 19
1376 4023 1418 4077 de-

280 4118 341 4166 cest
358 4113 420 4168 MA
473 4114 624 4168 studiorum
643 4117 749 4169 tuorum
769 4113 798 4169 R
834 4109 1086 4170 ausciensem
1123 4116 1155 4170 21
1176 4114 1262 4168 nichil
1280 4111 1419 4185 penitusR

280 4201 314 4254 23
332 4200 433 4254 uideri·
445 4238 448 4269 ,
461 4201 500 4254 ibi
517 4210 596 4267 (corr.
615 4206 676 4256 ml
694 4202 756 4269 tibi)
775 4201 812 4256 M
876 4203 912 4256 24
930 4201 1199 4272 tumen-dedecoris
1217 4219 1269 4258 orn.
1287 4203 1314 4256 P
1380 4203 1418 4254 esi

279 4303 330 4341 orn.
349 4290 377 4344 R
447 4295 539 4360 petere
558 4292 599 4360 te]
619 4292 721 4360 peterit
739 4292 815 4362 (Μ
833 4291 955 4362 petierit)
973 4295 1002 4346 te
1021 4291 1054 4346 M
1072 4292 1183 4362 petieris
1202 4293 1229 4348 A
1296 4292 1327 4346 25
1345 4305 1416 4360 prae·

280 4381 336 4430 stes
354 4377 391 4430 Μ
