<?xml version="1.0" encoding="UTF-8"?>
<!DOCTYPE html PUBLIC "-//W3C//DTD XHTML 1.0 Transitional//EN"
    "http://www.w3.org/TR/xhtml1/DTD/xhtml1-transitional.dtd">
<html xmlns="http://www.w3.org/1999/xhtml" xml:lang="en" lang="en">
 <head>
  <title>
</title>
<meta http-equiv="Content-Type" content="text/html;charset=utf-8" />
  <meta name='ocr-system' content='tesseract 3.04.00' />
  <meta name='ocr-capabilities' content='ocr_page ocr_carea ocr_par ocr_line ocrx_word'/>
</head>
<body>
  <div class='ocr_page' id='page_1' title='image "./corpusscriptoru06wissgoog_0711.png"; bbox 0 0 3092 5217; ppageno 0'>
   <div class='ocr_carea' id='block_1_1' title="bbox 482 485 1261 556">
    <p class='ocr_par' dir='ltr' id='par_1_1' title="bbox 482 485 1261 556">
     <span class='ocr_line' id='line_1_1' title="bbox 482 485 1261 556; baseline 0.013 -18"><span class='ocrx_word' id='word_1_1' title='bbox 482 487 745 556; x_wconf 72' lang='lat' dir='ltr'>epistularum</span> <span class='ocrx_word' id='word_1_2' title='bbox 776 485 897 540; x_wconf 80' lang='lat' dir='ltr'>CXVIII.</span> <span class='ocrx_word' id='word_1_3' title='bbox 1198 491 1261 554; x_wconf 87' lang='grc'>689</span> 
     </span>
    </p>
   </div>
   <div class='ocr_carea' id='block_1_2' title="bbox 23 682 1265 3638">
    <p class='ocr_par' dir='ltr' id='par_1_2' title="bbox 23 682 1265 3638">
     <span class='ocr_line' id='line_1_2' title="bbox 114 682 1262 766; baseline 0.002 -20"><span class='ocrx_word' id='word_1_4' title='bbox 114 687 221 748; x_wconf 82' lang='lat' dir='ltr'>tamen</span> <span class='ocrx_word' id='word_1_5' title='bbox 247 682 325 746; x_wconf 86' lang='lat' dir='ltr'>dixit</span> <span class='ocrx_word' id='word_1_6' title='bbox 347 701 424 760; x_wconf 89' lang='lat' dir='ltr'>rem,</span> <span class='ocrx_word' id='word_1_7' title='bbox 450 701 529 764; x_wconf 88' lang='lat' dir='ltr'>quae</span> <span class='ocrx_word' id='word_1_8' title='bbox 552 682 637 760; x_wconf 91' lang='lat' dir='ltr'>illos,</span> <span class='ocrx_word' id='word_1_9' title='bbox 662 683 690 748; x_wconf 92' lang='lat' dir='ltr'>si</span> <span class='ocrx_word' id='word_1_10' title='bbox 715 683 866 765; x_wconf 87' lang='lat' dir='ltr'>euigilane</span> <span class='ocrx_word' id='word_1_11' title='bbox 889 687 1030 766; x_wconf 75' lang='lat' dir='ltr'>possent,</span> <span class='ocrx_word' id='word_1_12' title='bbox 1055 685 1133 748; x_wconf 85' lang='lat' dir='ltr'>satis</span> <span class='ocrx_word' id='word_1_13' title='bbox 1158 683 1262 748; x_wconf 88' lang='lat' dir='ltr'>admo-</span> 
     </span>
     <span class='ocr_line' id='line_1_3' title="bbox 114 789 1262 874; baseline 0.002 -22"><span class='ocrx_word' id='word_1_14' title='bbox 114 797 213 866; x_wconf 87' lang='lat' dir='ltr'>neret,</span> <span class='ocrx_word' id='word_1_15' title='bbox 238 808 338 866; x_wconf 89' lang='lat' dir='ltr'>omne,</span> <span class='ocrx_word' id='word_1_16' title='bbox 362 789 447 871; x_wconf 88' lang='lat' dir='ltr'>quod</span> <span class='ocrx_word' id='word_1_17' title='bbox 471 789 557 853; x_wconf 85' lang='lat' dir='ltr'>siout</span> <span class='ocrx_word' id='word_1_18' title='bbox 580 809 694 870; x_wconf 83' lang='lat' dir='ltr'>corpus</span> <span class='ocrx_word' id='word_1_19' title='bbox 718 790 830 854; x_wconf 91' lang='lat' dir='ltr'>uiuum</span> <span class='ocrx_word' id='word_1_20' title='bbox 855 790 959 855; x_wconf 87' lang='lat' dir='ltr'>animo</span> <span class='ocrx_word' id='word_1_21' title='bbox 984 790 1130 866; x_wconf 80' lang='lat' dir='ltr'>occurrit,</span> <span class='ocrx_word' id='word_1_22' title='bbox 1160 790 1262 874; x_wconf 88' lang='lat' dir='ltr'>magis</span> 
     </span>
     <span class='ocr_line' id='line_1_4' title="bbox 114 896 1263 980; baseline 0.001 -20"><span class='ocrx_word' id='word_1_23' title='bbox 114 896 229 960; x_wconf 83' lang='lat' dir='ltr'>habere</span> <span class='ocrx_word' id='word_1_24' title='bbox 262 897 396 960; x_wconf 87' lang='lat' dir='ltr'>animam</span> <span class='ocrx_word' id='word_1_25' title='bbox 427 900 459 960; x_wconf 87' lang='lat' dir='ltr'>et</span> <span class='ocrx_word' id='word_1_26' title='bbox 486 915 556 960; x_wconf 88' lang='lat' dir='ltr'>esse</span> <span class='ocrx_word' id='word_1_27' title='bbox 584 896 711 974; x_wconf 86' lang='lat' dir='ltr'>animal,</span> <span class='ocrx_word' id='word_1_28' title='bbox 740 916 833 978; x_wconf 90' lang='lat' dir='ltr'>quam</span> <span class='ocrx_word' id='word_1_29' title='bbox 868 896 1003 960; x_wconf 88' lang='lat' dir='ltr'>animam</span> <span class='ocrx_word' id='word_1_30' title='bbox 1033 915 1103 962; x_wconf 90' lang='lat' dir='ltr'>esse</span> <span class='ocrx_word' id='word_1_31' title='bbox 1132 897 1263 980; x_wconf 85' lang='lat' dir='ltr'>eogitari</span> 
     </span>
     <span class='ocr_line' id='line_1_5' title="bbox 115 1002 1262 1086; baseline 0 -20"><span class='ocrx_word' id='word_1_32' title='bbox 115 1005 268 1085; x_wconf 76' lang='lat' dir='ltr'>oportere.</span> <span class='ocrx_word' id='word_1_33' title='bbox 293 1004 354 1066; x_wconf 85' lang='lat' dir='ltr'>hoc</span> <span class='ocrx_word' id='word_1_34' title='bbox 374 1007 423 1067; x_wconf 89' lang='lat' dir='ltr'>est</span> <span class='ocrx_word' id='word_1_35' title='bbox 441 1003 535 1080; x_wconf 84' lang='lat' dir='ltr'>enirn,</span> <span class='ocrx_word' id='word_1_36' title='bbox 556 1003 640 1085; x_wconf 88' lang='lat' dir='ltr'>quod</span> <span class='ocrx_word' id='word_1_37' title='bbox 658 1003 717 1068; x_wconf 86' lang='lat' dir='ltr'>ait:</span> <span class='ocrx_word' id='word_1_38' title='bbox 737 1004 816 1068; x_wconf 78' lang='lat' dir='ltr'>‘Erit</span> <span class='ocrx_word' id='word_1_39' title='bbox 839 1002 959 1086; x_wconf 90' lang='lat' dir='ltr'>aliquid</span> <span class='ocrx_word' id='word_1_40' title='bbox 982 1003 1124 1068; x_wconf 85' lang='lat' dir='ltr'>interlus.</span> <span class='ocrx_word' id='word_1_41' title='bbox 1146 1023 1181 1066; x_wconf 89' lang='lat' dir='ltr'>ex</span> <span class='ocrx_word' id='word_1_42' title='bbox 1200 1021 1262 1086; x_wconf 91' lang='lat' dir='ltr'>quo</span> 
     </span>
     <span class='ocr_line' id='line_1_6' title="bbox 84 1109 1262 1194; baseline 0.003 -23"><span class='ocrx_word' id='word_1_43' title='bbox 84 1109 196 1173; x_wconf 73' lang='lat' dir='ltr'>sillud</span> <span class='ocrx_word' id='word_1_44' title='bbox 224 1109 340 1174; x_wconf 88' lang='lat' dir='ltr'>animal</span> <span class='ocrx_word' id='word_1_45' title='bbox 367 1110 565 1175; x_wconf 85' lang='lat' dir='ltr'>nominetur&#39;.</span> <span class='ocrx_word' id='word_1_46' title='bbox 600 1111 654 1174; x_wconf 86' lang='lat' dir='ltr'>sed</span> <span class='ocrx_word' id='word_1_47' title='bbox 684 1109 843 1194; x_wconf 87' lang='lat' dir='ltr'>adiungit:</span> <span class='ocrx_word' id='word_1_48' title='bbox 873 1109 968 1190; x_wconf 83' lang='lat' dir='ltr'>‘Quid</span> <span class='ocrx_word' id='word_1_49' title='bbox 996 1115 1102 1175; x_wconf 88' lang='lat' dir='ltr'>autem</span> <span class='ocrx_word' id='word_1_50' title='bbox 1130 1109 1262 1175; x_wconf 88' lang='lat' dir='ltr'>interius</span> 
     </span>
     <span class='ocr_line' id='line_1_7' title="bbox 114 1217 1261 1299; baseline 0.001 -20"><span class='ocrx_word' id='word_1_51' title='bbox 114 1219 255 1280; x_wconf 83' lang='lat' dir='ltr'>mente?&#39;</span> <span class='ocrx_word' id='word_1_52' title='bbox 290 1235 352 1280; x_wconf 88' lang='lat' dir='ltr'>oon</span> <span class='ocrx_word' id='word_1_53' title='bbox 385 1234 458 1299; x_wconf 89' lang='lat' dir='ltr'>ergo</span> <span class='ocrx_word' id='word_1_54' title='bbox 496 1218 604 1298; x_wconf 87' lang='lat' dir='ltr'>potest</span> <span class='ocrx_word' id='word_1_55' title='bbox 634 1235 724 1280; x_wconf 89' lang='lat' dir='ltr'>mens</span> <span class='ocrx_word' id='word_1_56' title='bbox 757 1217 870 1281; x_wconf 88' lang='lat' dir='ltr'>habere</span> <span class='ocrx_word' id='word_1_57' title='bbox 903 1217 1082 1281; x_wconf 82' lang='lat' dir='ltr'>interiorem</span> <span class='ocrx_word' id='word_1_58' title='bbox 1115 1217 1261 1289; x_wconf 85' lang='lat' dir='ltr'>animam,</span> 
     </span>
     <span class='ocr_line' id='line_1_8' title="bbox 113 1321 1265 1406; baseline 0.001 -21"><span class='ocrx_word' id='word_1_59' title='bbox 113 1327 151 1385; x_wconf 91' lang='lat' dir='ltr'>ut</span> <span class='ocrx_word' id='word_1_60' title='bbox 185 1323 229 1386; x_wconf 91' lang='lat' dir='ltr'>sit</span> <span class='ocrx_word' id='word_1_61' title='bbox 261 1321 387 1399; x_wconf 88' lang='lat' dir='ltr'>animal,</span> <span class='ocrx_word' id='word_1_62' title='bbox 421 1323 496 1405; x_wconf 92' lang='lat' dir='ltr'>quia</span> <span class='ocrx_word' id='word_1_63' title='bbox 527 1323 598 1404; x_wconf 85' lang='lat' dir='ltr'>ipsa</span> <span class='ocrx_word' id='word_1_64' title='bbox 631 1328 680 1387; x_wconf 88' lang='lat' dir='ltr'>est</span> <span class='ocrx_word' id='word_1_65' title='bbox 716 1322 854 1388; x_wconf 89' lang='lat' dir='ltr'>interior.</span> <span class='ocrx_word' id='word_1_66' title='bbox 895 1341 969 1405; x_wconf 85' lang='lat' dir='ltr'>ergo</span> <span class='ocrx_word' id='word_1_67' title='bbox 1003 1341 1117 1406; x_wconf 85' lang='lat' dir='ltr'>corpus</span> <span class='ocrx_word' id='word_1_68' title='bbox 1150 1323 1265 1388; x_wconf 88' lang='lat' dir='ltr'>habeat</span> 
     </span>
     <span class='ocr_line' id='line_1_9' title="bbox 114 1429 1263 1513; baseline 0 -21"><span class='ocrx_word' id='word_1_69' title='bbox 114 1429 321 1508; x_wconf 82' lang='lat' dir='ltr'>extrinsecus,</span> <span class='ocrx_word' id='word_1_70' title='bbox 345 1430 395 1493; x_wconf 84' lang='lat' dir='ltr'>oui</span> <span class='ocrx_word' id='word_1_71' title='bbox 420 1430 464 1494; x_wconf 86' lang='lat' dir='ltr'>sit</span> <span class='ocrx_word' id='word_1_72' title='bbox 481 1429 620 1507; x_wconf 88' lang='lat' dir='ltr'>interior,</span> <span class='ocrx_word' id='word_1_73' title='bbox 644 1433 682 1494; x_wconf 90' lang='lat' dir='ltr'>ut</span> <span class='ocrx_word' id='word_1_74' title='bbox 700 1429 743 1494; x_wconf 93' lang='lat' dir='ltr'>sit</span> <span class='ocrx_word' id='word_1_75' title='bbox 761 1429 887 1494; x_wconf 87' lang='lat' dir='ltr'>animal.</span> <span class='ocrx_word' id='word_1_76' title='bbox 912 1429 972 1493; x_wconf 85' lang='lat' dir='ltr'>hoo</span> <span class='ocrx_word' id='word_1_77' title='bbox 992 1432 1042 1493; x_wconf 88' lang='lat' dir='ltr'>est</span> <span class='ocrx_word' id='word_1_78' title='bbox 1061 1430 1154 1506; x_wconf 87' lang='lat' dir='ltr'>enirn,</span> <span class='ocrx_word' id='word_1_79' title='bbox 1180 1429 1263 1513; x_wconf 89' lang='lat' dir='ltr'>quod</span> 
     </span>
     <span class='ocr_line' id='line_1_10' title="bbox 114 1535 1262 1620; baseline 0.003 -22"><span class='ocrx_word' id='word_1_80' title='bbox 114 1535 172 1600; x_wconf 85' lang='lat' dir='ltr'>ait:</span> <span class='ocrx_word' id='word_1_81' title='bbox 193 1535 358 1618; x_wconf 73' lang='lat' dir='ltr'>‘cingatur</span> <span class='ocrx_word' id='word_1_82' title='bbox 376 1535 476 1618; x_wconf 88' lang='lat' dir='ltr'>igitur</span> <span class='ocrx_word' id='word_1_83' title='bbox 495 1555 622 1618; x_wconf 87' lang='lat' dir='ltr'>corpore</span> <span class='ocrx_word' id='word_1_84' title='bbox 642 1539 790 1614; x_wconf 86' lang='lat' dir='ltr'>externo’,</span> <span class='ocrx_word' id='word_1_85' title='bbox 810 1536 902 1619; x_wconf 83' lang='lat' dir='ltr'>quasi</span> <span class='ocrx_word' id='word_1_86' title='bbox 920 1537 1121 1620; x_wconf 81' lang='lat' dir='ltr'>Anaxagoras</span> <span class='ocrx_word' id='word_1_87' title='bbox 1142 1536 1262 1612; x_wconf 83' lang='lat' dir='ltr'>dixerit,</span> 
     </span>
     <span class='ocr_line' id='line_1_11' title="bbox 72 1641 1261 1726; baseline 0.004 -25"><span class='ocrx_word' id='word_1_88' title='bbox 72 1665 93 1701; x_wconf 75' lang='grc' dir='ltr'>ιο</span> <span class='ocrx_word' id='word_1_89' title='bbox 112 1642 177 1705; x_wconf 90' lang='lat' dir='ltr'>nisi</span> <span class='ocrx_word' id='word_1_90' title='bbox 195 1642 341 1706; x_wconf 88' lang='lat' dir='ltr'>animalis</span> <span class='ocrx_word' id='word_1_91' title='bbox 360 1641 495 1706; x_wconf 85' lang='lat' dir='ltr'>alieuius</span> <span class='ocrx_word' id='word_1_92' title='bbox 515 1646 611 1716; x_wconf 88' lang='lat' dir='ltr'>esset,</span> <span class='ocrx_word' id='word_1_93' title='bbox 630 1646 768 1706; x_wconf 84' lang='lat' dir='ltr'>mentem</span> <span class='ocrx_word' id='word_1_94' title='bbox 785 1661 854 1706; x_wconf 85' lang='lat' dir='ltr'>esse</span> <span class='ocrx_word' id='word_1_95' title='bbox 873 1660 934 1706; x_wconf 91' lang='lat' dir='ltr'>non</span> <span class='ocrx_word' id='word_1_96' title='bbox 953 1661 1057 1726; x_wconf 87' lang='lat' dir='ltr'>posse,</span> <span class='ocrx_word' id='word_1_97' title='bbox 1078 1643 1105 1706; x_wconf 92' lang='lat' dir='ltr'>si</span> <span class='ocrx_word' id='word_1_98' title='bbox 1123 1647 1261 1708; x_wconf 87' lang='lat' dir='ltr'>mentem</span> 
     </span>
     <span class='ocr_line' id='line_1_12' title="bbox 113 1748 1263 1832; baseline 0.003 -21"><span class='ocrx_word' id='word_1_99' title='bbox 113 1749 216 1829; x_wconf 86' lang='lat' dir='ltr'>ipsam</span> <span class='ocrx_word' id='word_1_100' title='bbox 241 1768 398 1813; x_wconf 88' lang='lat' dir='ltr'>summam</span> <span class='ocrx_word' id='word_1_101' title='bbox 428 1748 615 1832; x_wconf 79' lang='lat' dir='ltr'>sapientiam</span> <span class='ocrx_word' id='word_1_102' title='bbox 639 1767 709 1813; x_wconf 89' lang='lat' dir='ltr'>esse</span> <span class='ocrx_word' id='word_1_103' title='bbox 733 1748 900 1824; x_wconf 86' lang='lat' dir='ltr'>sentiebat,</span> <span class='ocrx_word' id='word_1_104' title='bbox 925 1768 1005 1831; x_wconf 92' lang='lat' dir='ltr'>quae</span> <span class='ocrx_word' id='word_1_105' title='bbox 1028 1749 1147 1814; x_wconf 89' lang='lat' dir='ltr'>nullius</span> <span class='ocrx_word' id='word_1_106' title='bbox 1172 1751 1263 1832; x_wconf 86' lang='lat' dir='ltr'>quasi</span> 
     </span>
     <span class='ocr_line' id='line_1_13' title="bbox 113 1854 1262 1939; baseline 0.003 -21"><span class='ocrx_word' id='word_1_107' title='bbox 113 1855 285 1920; x_wconf 83' lang='lat' dir='ltr'>animantis</span> <span class='ocrx_word' id='word_1_108' title='bbox 308 1855 435 1939; x_wconf 89' lang='lat' dir='ltr'>propria</span> <span class='ocrx_word' id='word_1_109' title='bbox 454 1859 513 1930; x_wconf 90' lang='lat' dir='ltr'>est,</span> <span class='ocrx_word' id='word_1_110' title='bbox 539 1855 613 1937; x_wconf 89' lang='lat' dir='ltr'>quia</span> <span class='ocrx_word' id='word_1_111' title='bbox 633 1854 779 1919; x_wconf 90' lang='lat' dir='ltr'>omnibus</span> <span class='ocrx_word' id='word_1_112' title='bbox 804 1854 916 1919; x_wconf 88' lang='lat' dir='ltr'>animis</span> <span class='ocrx_word' id='word_1_113' title='bbox 940 1874 974 1920; x_wconf 89' lang='lat' dir='ltr'>se</span> <span class='ocrx_word' id='word_1_114' title='bbox 997 1856 1059 1920; x_wconf 86' lang='lat' dir='ltr'>frui</span> <span class='ocrx_word' id='word_1_115' title='bbox 1082 1857 1262 1922; x_wconf 86' lang='lat' dir='ltr'>ualentibus</span> 
     </span>
     <span class='ocr_line' id='line_1_14' title="bbox 112 1959 1262 2043; baseline 0.002 -18"><span class='ocrx_word' id='word_1_116' title='bbox 112 1961 234 2025; x_wconf 88' lang='lat' dir='ltr'>ueritas</span> <span class='ocrx_word' id='word_1_117' title='bbox 263 1960 473 2026; x_wconf 82' lang='lat' dir='ltr'>communiter</span> <span class='ocrx_word' id='word_1_118' title='bbox 498 1963 625 2043; x_wconf 83' lang='lat' dir='ltr'>praesto</span> <span class='ocrx_word' id='word_1_119' title='bbox 655 1964 713 2025; x_wconf 88' lang='lat' dir='ltr'>est.</span> <span class='ocrx_word' id='word_1_120' title='bbox 748 1968 781 2024; x_wconf 85' lang='lat' dir='ltr'>at</span> <span class='ocrx_word' id='word_1_121' title='bbox 808 1959 878 2025; x_wconf 91' lang='lat' dir='ltr'>ideo</span> <span class='ocrx_word' id='word_1_122' title='bbox 907 1961 992 2038; x_wconf 90' lang='lat' dir='ltr'>uide,</span> <span class='ocrx_word' id='word_1_123' title='bbox 1022 1980 1115 2043; x_wconf 92' lang='lat' dir='ltr'>quarn</span> <span class='ocrx_word' id='word_1_124' title='bbox 1144 1963 1262 2027; x_wconf 88' lang='lat' dir='ltr'>urbane</span> 
     </span>
     <span class='ocr_line' id='line_1_15' title="bbox 112 2064 1262 2149; baseline 0.001 -17"><span class='ocrx_word' id='word_1_125' title='bbox 112 2067 297 2132; x_wconf 80' lang='lat' dir='ltr'>concludat:</span> <span class='ocrx_word' id='word_1_126' title='bbox 316 2064 418 2145; x_wconf 77' lang='lat' dir='ltr'>‘Quod</span> <span class='ocrx_word' id='word_1_127' title='bbox 438 2067 585 2148; x_wconf 84' lang='lat' dir='ltr'>quoniam</span> <span class='ocrx_word' id='word_1_128' title='bbox 610 2085 671 2130; x_wconf 91' lang='lat' dir='ltr'>non</span> <span class='ocrx_word' id='word_1_129' title='bbox 694 2067 820 2149; x_wconf 88' lang='lat' dir='ltr'>plaoet’,</span> <span class='ocrx_word' id='word_1_130' title='bbox 839 2067 952 2149; x_wconf 91' lang='lat' dir='ltr'>inquit,</span> <span class='ocrx_word' id='word_1_131' title='bbox 978 2103 1020 2114; x_wconf 92' lang='lat'><em>-</em></span> <span class='ocrx_word' id='word_1_132' title='bbox 1045 2067 1104 2132; x_wconf 88' lang='lat' dir='ltr'>hoo</span> <span class='ocrx_word' id='word_1_133' title='bbox 1129 2071 1262 2133; x_wconf 88' lang='lat' dir='ltr'>estnon</span> 
     </span>
     <span class='ocr_line' id='line_1_16' title="bbox 70 2172 1265 2258; baseline 0.001 -21"><span class='ocrx_word' id='word_1_134' title='bbox 70 2199 93 2238; x_wconf 67' lang='grc' dir='ltr'><strong>η</strong></span> <span class='ocrx_word' id='word_1_135' title='bbox 112 2174 221 2257; x_wconf 84' lang='lat' dir='ltr'>placet</span> <span class='ocrx_word' id='word_1_136' title='bbox 242 2173 455 2258; x_wconf 75' lang='lat' dir='ltr'>Anaxagorae,</span> <span class='ocrx_word' id='word_1_137' title='bbox 483 2177 521 2238; x_wconf 93' lang='lat' dir='ltr'>ut</span> <span class='ocrx_word' id='word_1_138' title='bbox 546 2174 602 2238; x_wconf 89' lang='lat' dir='ltr'>illa</span> <span class='ocrx_word' id='word_1_139' title='bbox 630 2193 730 2248; x_wconf 86' lang='lat' dir='ltr'>mens,</span> <span class='ocrx_word' id='word_1_140' title='bbox 759 2193 854 2254; x_wconf 89' lang='lat' dir='ltr'>quam</span> <span class='ocrx_word' id='word_1_141' title='bbox 879 2172 957 2238; x_wconf 88' lang='lat' dir='ltr'>dicit</span> <span class='ocrx_word' id='word_1_142' title='bbox 985 2173 1089 2250; x_wconf 86' lang='lat' dir='ltr'>deum,</span> <span class='ocrx_word' id='word_1_143' title='bbox 1119 2175 1265 2258; x_wconf 86' lang='lat' dir='ltr'>cingatur</span> 
     </span>
     <span class='ocr_line' id='line_1_17' title="bbox 112 2280 1263 2363; baseline 0.001 -19"><span class='ocrx_word' id='word_1_144' title='bbox 112 2299 245 2363; x_wconf 80' lang='lat' dir='ltr'>corpore</span> <span class='ocrx_word' id='word_1_145' title='bbox 266 2284 403 2358; x_wconf 86' lang='lat' dir='ltr'>externo,</span> <span class='ocrx_word' id='word_1_146' title='bbox 423 2300 484 2363; x_wconf 93' lang='lat' dir='ltr'>quo</span> <span class='ocrx_word' id='word_1_147' title='bbox 508 2281 625 2344; x_wconf 85' lang='lat' dir='ltr'>animal</span> <span class='ocrx_word' id='word_1_148' title='bbox 645 2299 716 2344; x_wconf 89' lang='lat' dir='ltr'>esse</span> <span class='ocrx_word' id='word_1_149' title='bbox 734 2280 848 2362; x_wconf 86' lang='lat' dir='ltr'>possit,</span> <span class='ocrx_word' id='word_1_150' title='bbox 869 2316 909 2327; x_wconf 88' lang='lat'>-</span> <span class='ocrx_word' id='word_1_151' title='bbox 931 2283 1048 2362; x_wconf 84' lang='lat' dir='ltr'>‘aperta</span> <span class='ocrx_word' id='word_1_152' title='bbox 1068 2280 1263 2363; x_wconf 84' lang='lat' dir='ltr'>simplexque</span> 
     </span>
     <span class='ocr_line' id='line_1_18' title="bbox 110 2386 1261 2469; baseline 0.002 -19"><span class='ocrx_word' id='word_1_153' title='bbox 110 2406 204 2450; x_wconf 89' lang='lat' dir='ltr'>mens</span> <span class='ocrx_word' id='word_1_154' title='bbox 232 2388 380 2450; x_wconf 86' lang='lat' dir='ltr'>nullane</span> <span class='ocrx_word' id='word_1_155' title='bbox 408 2386 566 2460; x_wconf 82' lang='lat' dir='ltr'>adiuncta,</span> <span class='ocrx_word' id='word_1_156' title='bbox 591 2406 655 2469; x_wconf 88' lang='lat' dir='ltr'>que</span> <span class='ocrx_word' id='word_1_157' title='bbox 678 2387 794 2451; x_wconf 88' lang='lat' dir='ltr'>sentire</span> <span class='ocrx_word' id='word_1_158' title='bbox 822 2387 945 2468; x_wconf 87' lang='lat' dir='ltr'>possit’,</span> <span class='ocrx_word' id='word_1_159' title='bbox 972 2387 1070 2452; x_wconf 84' lang='lat' dir='ltr'>-id</span> <span class='ocrx_word' id='word_1_160' title='bbox 1097 2392 1148 2452; x_wconf 84' lang='lat' dir='ltr'>est</span> <span class='ocrx_word' id='word_1_161' title='bbox 1173 2388 1261 2452; x_wconf 91' lang='lat' dir='ltr'>nullo</span> 
     </span>
     <span class='ocr_line' id='line_1_19' title="bbox 111 2493 1262 2578; baseline 0 -20"><span class='ocrx_word' id='word_1_162' title='bbox 111 2512 243 2576; x_wconf 85' lang='lat' dir='ltr'>corpore</span> <span class='ocrx_word' id='word_1_163' title='bbox 273 2493 431 2571; x_wconf 80' lang='lat' dir='ltr'>adiuncto,</span> <span class='ocrx_word' id='word_1_164' title='bbox 459 2513 515 2577; x_wconf 92' lang='lat' dir='ltr'>per</span> <span class='ocrx_word' id='word_1_165' title='bbox 542 2493 627 2576; x_wconf 90' lang='lat' dir='ltr'>qnod</span> <span class='ocrx_word' id='word_1_166' title='bbox 655 2495 770 2558; x_wconf 90' lang='lat' dir='ltr'>sentire</span> <span class='ocrx_word' id='word_1_167' title='bbox 793 2495 907 2576; x_wconf 90' lang='lat' dir='ltr'>possit,</span> <span class='ocrx_word' id='word_1_168' title='bbox 932 2530 975 2540; x_wconf 95' lang='lat'>—</span> <span class='ocrx_word' id='word_1_169' title='bbox 998 2494 1118 2578; x_wconf 83' lang='lat' dir='ltr'>‘fugere</span> <span class='ocrx_word' id='word_1_170' title='bbox 1141 2495 1262 2558; x_wconf 85' lang='lat' dir='ltr'>intelle-</span> 
     </span>
     <span class='ocr_line' id='line_1_20' title="bbox 111 2599 888 2683; baseline 0.001 -20"><span class='ocrx_word' id='word_1_171' title='bbox 111 2601 240 2683; x_wconf 88' lang='lat' dir='ltr'>gentiae</span> <span class='ocrx_word' id='word_1_172' title='bbox 263 2605 388 2665; x_wconf 88' lang='lat' dir='ltr'>nostrae</span> <span class='ocrx_word' id='word_1_173' title='bbox 411 2599 477 2664; x_wconf 92' lang='lat' dir='ltr'>uim</span> <span class='ocrx_word' id='word_1_174' title='bbox 502 2602 534 2664; x_wconf 88' lang='lat' dir='ltr'>et</span> <span class='ocrx_word' id='word_1_175' title='bbox 555 2600 716 2665; x_wconf 89' lang='lat' dir='ltr'>notionem</span> <span class='ocrx_word' id='word_1_176' title='bbox 740 2599 888 2665; x_wconf 86' lang='lat' dir='ltr'>uidetur’.</span> 
     </span>
     <span class='ocr_line' id='line_1_21' title="bbox 23 2705 1262 2791; baseline 0.002 -23"><span class='ocrx_word' id='word_1_177' title='bbox 23 2707 92 2769; x_wconf 68' lang='lat' dir='ltr'>lino</span> <span class='ocrx_word' id='word_1_178' title='bbox 156 2706 249 2770; x_wconf 88' lang='lat' dir='ltr'>Nihil</span> <span class='ocrx_word' id='word_1_179' title='bbox 278 2709 384 2771; x_wconf 88' lang='lat' dir='ltr'>uerius</span> <span class='ocrx_word' id='word_1_180' title='bbox 408 2727 502 2789; x_wconf 88' lang='lat' dir='ltr'>quem</span> <span class='ocrx_word' id='word_1_181' title='bbox 531 2707 641 2790; x_wconf 84' lang='lat' dir='ltr'>sugere</span> <span class='ocrx_word' id='word_1_182' title='bbox 664 2707 724 2771; x_wconf 87' lang='lat' dir='ltr'>hoo</span> <span class='ocrx_word' id='word_1_183' title='bbox 748 2707 813 2771; x_wconf 89' lang='lat' dir='ltr'>uim</span> <span class='ocrx_word' id='word_1_184' title='bbox 840 2710 872 2770; x_wconf 88' lang='lat' dir='ltr'>et</span> <span class='ocrx_word' id='word_1_185' title='bbox 895 2705 1053 2772; x_wconf 90' lang='lat' dir='ltr'>notionem</span> <span class='ocrx_word' id='word_1_186' title='bbox 1077 2707 1262 2791; x_wconf 82' lang='lat' dir='ltr'>intellegen-</span> 
     </span>
     <span class='ocr_line' id='line_1_22' title="bbox 109 2812 1262 2897; baseline 0 -20"><span class='ocrx_word' id='word_1_187' title='bbox 109 2813 176 2877; x_wconf 87' lang='lat' dir='ltr'>tiee</span> <span class='ocrx_word' id='word_1_188' title='bbox 207 2812 384 2878; x_wconf 83' lang='lat' dir='ltr'>Stoicorum</span> <span class='ocrx_word' id='word_1_189' title='bbox 413 2816 446 2877; x_wconf 88' lang='lat' dir='ltr'>et</span> <span class='ocrx_word' id='word_1_190' title='bbox 473 2813 710 2897; x_wconf 79' lang='lat' dir='ltr'>Epicureorum,</span> <span class='ocrx_word' id='word_1_191' title='bbox 744 2813 798 2894; x_wconf 92' lang='lat' dir='ltr'>qui</span> <span class='ocrx_word' id='word_1_192' title='bbox 832 2812 892 2876; x_wconf 90' lang='lat' dir='ltr'>nisi</span> <span class='ocrx_word' id='word_1_193' title='bbox 922 2813 1095 2895; x_wconf 81' lang='lat' dir='ltr'>corporalia</span> <span class='ocrx_word' id='word_1_194' title='bbox 1124 2813 1262 2897; x_wconf 85' lang='lat' dir='ltr'>cogitare</span> 
     </span>
     <span class='ocr_line' id='line_1_23' title="bbox 108 2919 1262 3004; baseline 0.001 -21"><span class='ocrx_word' id='word_1_195' title='bbox 108 2939 173 2983; x_wconf 91' lang='lat' dir='ltr'>non</span> <span class='ocrx_word' id='word_1_196' title='bbox 211 2923 357 3002; x_wconf 90' lang='lat' dir='ltr'>possunt.</span> <span class='ocrx_word' id='word_1_197' title='bbox 395 2920 479 3002; x_wconf 90' lang='lat' dir='ltr'>quod</span> <span class='ocrx_word' id='word_1_198' title='bbox 517 2924 623 2984; x_wconf 84' lang='lat' dir='ltr'>autem</span> <span class='ocrx_word' id='word_1_199' title='bbox 661 2919 706 2984; x_wconf 90' lang='lat' dir='ltr'>ait</span> <span class='ocrx_word' id='word_1_200' title='bbox 737 2922 894 2996; x_wconf 70' lang='lat' dir='ltr'>nostrae,</span> <span class='ocrx_word' id='word_1_201' title='bbox 932 2919 1088 2984; x_wconf 83' lang='lat' dir='ltr'>humanae</span> <span class='ocrx_word' id='word_1_202' title='bbox 1119 2919 1262 3004; x_wconf 89' lang='lat' dir='ltr'>intellegi</span> 
     </span>
     <span class='ocr_line' id='line_1_24' title="bbox 109 3025 1261 3110; baseline 0.001 -21"><span class='ocrx_word' id='word_1_203' title='bbox 109 3025 232 3100; x_wconf 91' lang='lat' dir='ltr'>uoluit;</span> <span class='ocrx_word' id='word_1_204' title='bbox 257 3029 289 3090; x_wconf 88' lang='lat' dir='ltr'>et</span> <span class='ocrx_word' id='word_1_205' title='bbox 312 3026 389 3090; x_wconf 87' lang='lat' dir='ltr'>bene</span> <span class='ocrx_word' id='word_1_206' title='bbox 413 3044 473 3090; x_wconf 92' lang='lat' dir='ltr'>non</span> <span class='ocrx_word' id='word_1_207' title='bbox 499 3026 544 3090; x_wconf 86' lang='lat' dir='ltr'>ait</span> <span class='ocrx_word' id='word_1_208' title='bbox 565 3026 671 3110; x_wconf 76' lang='lat' dir='ltr'>‘fagil’</span> <span class='ocrx_word' id='word_1_209' title='bbox 694 3025 750 3090; x_wconf 89' lang='lat' dir='ltr'>sed</span> <span class='ocrx_word' id='word_1_210' title='bbox 775 3027 894 3109; x_wconf 85' lang='lat' dir='ltr'>‘fugere</span> <span class='ocrx_word' id='word_1_211' title='bbox 918 3025 1069 3101; x_wconf 80' lang='lat' dir='ltr'>uidetur’3</span> <span class='ocrx_word' id='word_1_212' title='bbox 1094 3027 1153 3092; x_wconf 87' lang='lat' dir='ltr'>hoo</span> <span class='ocrx_word' id='word_1_213' title='bbox 1179 3026 1261 3090; x_wconf 91' lang='lat' dir='ltr'>enirn</span> 
     </span>
     <span class='ocr_line' id='line_1_25' title="bbox 108 3131 1261 3217; baseline 0.003 -23"><span class='ocrx_word' id='word_1_214' title='bbox 108 3132 177 3196; x_wconf 87' lang='lat' dir='ltr'>illis</span> <span class='ocrx_word' id='word_1_215' title='bbox 202 3132 331 3196; x_wconf 87' lang='lat' dir='ltr'>uidetur</span> <span class='ocrx_word' id='word_1_216' title='bbox 354 3132 511 3196; x_wconf 89' lang='lat' dir='ltr'>neminem</span> <span class='ocrx_word' id='word_1_217' title='bbox 535 3133 595 3196; x_wconf 85' lang='lat' dir='ltr'>hoo</span> <span class='ocrx_word' id='word_1_218' title='bbox 619 3151 713 3214; x_wconf 88' lang='lat' dir='ltr'>posse</span> <span class='ocrx_word' id='word_1_219' title='bbox 736 3132 923 3217; x_wconf 85' lang='lat' dir='ltr'>intellegere</span> <span class='ocrx_word' id='word_1_220' title='bbox 947 3136 980 3196; x_wconf 88' lang='lat' dir='ltr'>et</span> <span class='ocrx_word' id='word_1_221' title='bbox 1001 3131 1072 3198; x_wconf 91' lang='lat' dir='ltr'>ideo</span> <span class='ocrx_word' id='word_1_222' title='bbox 1096 3133 1176 3198; x_wconf 92' lang='lat' dir='ltr'>nihil</span> <span class='ocrx_word' id='word_1_223' title='bbox 1198 3133 1261 3198; x_wconf 89' lang='lat' dir='ltr'>tale</span> 
     </span>
     <span class='ocr_line' id='line_1_26' title="bbox 77 3238 1262 3322; baseline 0.004 -25"><span class='ocrx_word' id='word_1_224' title='bbox 77 3259 183 3304; x_wconf 67' lang='lat' dir='ltr'>iesse</span> <span class='ocrx_word' id='word_1_225' title='bbox 209 3239 408 3304; x_wconf 88' lang='lat' dir='ltr'>arbitrantur.</span> <span class='ocrx_word' id='word_1_226' title='bbox 439 3239 494 3303; x_wconf 86' lang='lat' dir='ltr'>sed</span> <span class='ocrx_word' id='word_1_227' title='bbox 518 3239 713 3320; x_wconf 89' lang='lat' dir='ltr'>quorundam</span> <span class='ocrx_word' id='word_1_228' title='bbox 741 3238 1003 3322; x_wconf 89' lang='lat' dir='ltr'>intellegentiam,</span> <span class='ocrx_word' id='word_1_229' title='bbox 1027 3243 1179 3320; x_wconf 86' lang='lat' dir='ltr'>quantum</span> <span class='ocrx_word' id='word_1_230' title='bbox 1207 3239 1262 3303; x_wconf 93' lang='lat' dir='ltr'>ho-</span> 
     </span>
     <span class='ocr_line' id='line_1_27' title="bbox 108 3344 1260 3429; baseline 0.001 -21"><span class='ocrx_word' id='word_1_231' title='bbox 108 3345 192 3408; x_wconf 91' lang='lat' dir='ltr'>mini</span> <span class='ocrx_word' id='word_1_232' title='bbox 210 3344 318 3409; x_wconf 86' lang='lat' dir='ltr'>datum</span> <span class='ocrx_word' id='word_1_233' title='bbox 339 3347 398 3423; x_wconf 88' lang='lat' dir='ltr'>est,</span> <span class='ocrx_word' id='word_1_234' title='bbox 421 3363 483 3409; x_wconf 90' lang='lat' dir='ltr'>uon</span> <span class='ocrx_word' id='word_1_235' title='bbox 506 3345 590 3428; x_wconf 79' lang='lat' dir='ltr'>fugit</span> <span class='ocrx_word' id='word_1_236' title='bbox 614 3365 684 3409; x_wconf 86' lang='lat' dir='ltr'>esse</span> <span class='ocrx_word' id='word_1_237' title='bbox 708 3349 848 3426; x_wconf 88' lang='lat' dir='ltr'>apertam</span> <span class='ocrx_word' id='word_1_238' title='bbox 873 3344 1114 3428; x_wconf 84' lang='lat' dir='ltr'>simplicemque</span> <span class='ocrx_word' id='word_1_239' title='bbox 1140 3346 1260 3429; x_wconf 88' lang='lat' dir='ltr'>sapien-</span> 
     </span>
     <span class='ocr_line' id='line_1_28' title="bbox 109 3451 1263 3535; baseline -0.001 -18"><span class='ocrx_word' id='word_1_240' title='bbox 109 3453 191 3518; x_wconf 86' lang='lat' dir='ltr'>tiam</span> <span class='ocrx_word' id='word_1_241' title='bbox 216 3455 310 3535; x_wconf 88' lang='lat' dir='ltr'>atque</span> <span class='ocrx_word' id='word_1_242' title='bbox 334 3452 512 3530; x_wconf 88' lang='lat' dir='ltr'>ueritatem,</span> <span class='ocrx_word' id='word_1_243' title='bbox 537 3472 616 3535; x_wconf 88' lang='lat' dir='ltr'>quae</span> <span class='ocrx_word' id='word_1_244' title='bbox 641 3451 760 3516; x_wconf 87' lang='lat' dir='ltr'>nullius</span> <span class='ocrx_word' id='word_1_245' title='bbox 786 3452 953 3516; x_wconf 88' lang='lat' dir='ltr'>animantis</span> <span class='ocrx_word' id='word_1_246' title='bbox 978 3451 1021 3516; x_wconf 92' lang='lat' dir='ltr'>sit</span> <span class='ocrx_word' id='word_1_247' title='bbox 1043 3452 1177 3535; x_wconf 83' lang='lat' dir='ltr'>proprio,</span> <span class='ocrx_word' id='word_1_248' title='bbox 1207 3452 1263 3518; x_wconf 88' lang='lat' dir='ltr'>sed</span> 
     </span>
     <span class='ocr_line' id='line_1_29' title="bbox 203 3572 866 3638; baseline -0.005 -10"><span class='ocrx_word' id='word_1_249' title='bbox 203 3575 234 3636; x_wconf 78' lang='lat'>4;</span> <span class='ocrx_word' id='word_1_250' title='bbox 253 3575 283 3638; x_wconf 82' lang='lat'>53</span> <span class='ocrx_word' id='word_1_251' title='bbox 302 3574 332 3637; x_wconf 79' lang='lat'>93</span> <span class='ocrx_word' id='word_1_252' title='bbox 354 3575 388 3628; x_wconf 83' lang='lat'>14</span> <span class='ocrx_word' id='word_1_253' title='bbox 407 3572 462 3628; x_wconf 83' lang='lat' dir='ltr'>(lic.</span> <span class='ocrx_word' id='word_1_254' title='bbox 483 3572 516 3627; x_wconf 81' lang='lat' dir='ltr'>de</span> <span class='ocrx_word' id='word_1_255' title='bbox 534 3578 590 3626; x_wconf 81' lang='lat' dir='ltr'>nat.</span> <span class='ocrx_word' id='word_1_256' title='bbox 611 3572 637 3626; x_wconf 87' lang='lat' dir='ltr'>d.</span> <span class='ocrx_word' id='word_1_257' title='bbox 655 3573 678 3634; x_wconf 90' lang='lat' dir='ltr'>I,</span> <span class='ocrx_word' id='word_1_258' title='bbox 699 3574 741 3636; x_wconf 95' lang='lat' dir='ltr'>ll,</span> <span class='ocrx_word' id='word_1_259' title='bbox 760 3573 866 3626; x_wconf 76' lang='lat'><strong>26—27</strong></span> 
     </span>
    </p>
   </div>
   <div class='ocr_carea' id='block_1_3' title="bbox 105 3677 1262 4458">
    <p class='ocr_par' dir='ltr' id='par_1_3' title="bbox 105 3677 1262 4458">
     <span class='ocr_line' id='line_1_30' title="bbox 147 3677 1262 3734; baseline -0.001 -1"><span class='ocrx_word' id='word_1_260' title='bbox 147 3682 370 3733; x_wconf 84' lang='lat' dir='ltr'>iammonerent</span> <span class='ocrx_word' id='word_1_261' title='bbox 386 3679 449 3734; x_wconf 84' lang='lat' dir='ltr'>MA</span> <span class='ocrx_word' id='word_1_262' title='bbox 557 3680 709 3734; x_wconf 82' lang='lat' dir='ltr'>3anirnarn</span> <span class='ocrx_word' id='word_1_263' title='bbox 732 3678 833 3732; x_wconf 85' lang='lat' dir='ltr'>habere</span> <span class='ocrx_word' id='word_1_264' title='bbox 852 3678 912 3734; x_wconf 79' lang='lat' dir='ltr'>edd.</span> <span class='ocrx_word' id='word_1_265' title='bbox 1022 3693 1080 3731; x_wconf 88' lang='lat' dir='ltr'>esse</span> <span class='ocrx_word' id='word_1_266' title='bbox 1100 3678 1215 3731; x_wconf 82' lang='lat' dir='ltr'>salmam</span> <span class='ocrx_word' id='word_1_267' title='bbox 1234 3677 1262 3732; x_wconf 84' lang='lat' dir='ltr'><em>R</em></span> 
     </span>
     <span class='ocr_line' id='line_1_31' title="bbox 106 3766 1261 3836; baseline -0.003 -13"><span class='ocrx_word' id='word_1_268' title='bbox 106 3771 191 3824; x_wconf 77' lang='lat' dir='ltr'>⁴test</span> <span class='ocrx_word' id='word_1_269' title='bbox 209 3784 261 3821; x_wconf 87' lang='lat' dir='ltr'>om.</span> <span class='ocrx_word' id='word_1_270' title='bbox 279 3768 306 3821; x_wconf 97' lang='lat' dir='ltr'><strong><em>A</em></strong></span> <span class='ocrx_word' id='word_1_271' title='bbox 397 3769 459 3836; x_wconf 86' lang='lat' dir='ltr'>erit]</span> <span class='ocrx_word' id='word_1_272' title='bbox 480 3774 509 3821; x_wconf 77' lang='lat' dir='ltr'>ei</span> <span class='ocrx_word' id='word_1_273' title='bbox 529 3767 568 3820; x_wconf 92' lang='lat' dir='ltr'>P¹</span> <span class='ocrx_word' id='word_1_274' title='bbox 657 3767 783 3821; x_wconf 75' lang='lat' dir='ltr'>triente</span> <span class='ocrx_word' id='word_1_275' title='bbox 802 3766 892 3822; x_wconf 73' lang='grc' dir='ltr'>ΜΔΕ</span> <span class='ocrx_word' id='word_1_276' title='bbox 982 3769 1087 3836; x_wconf 75' lang='lat' dir='ltr'>potest·</span> <span class='ocrx_word' id='word_1_277' title='bbox 1102 3767 1174 3832; x_wconf 76' lang='lat' dir='ltr'>(suit</span> <span class='ocrx_word' id='word_1_278' title='bbox 1193 3767 1216 3834; x_wconf 90' lang='lat' dir='ltr'>s)</span> <span class='ocrx_word' id='word_1_279' title='bbox 1235 3767 1261 3819; x_wconf 92' lang='lat' dir='ltr'><strong><em>A</em></strong></span> 
     </span>
     <span class='ocr_line' id='line_1_32' title="bbox 107 3854 1260 3924; baseline -0.004 -12"><span class='ocrx_word' id='word_1_280' title='bbox 107 3856 312 3924; x_wconf 84' lang='lat' dir='ltr'>9cingiturm</span> <span class='ocrx_word' id='word_1_281' title='bbox 355 3858 389 3910; x_wconf 90' lang='lat'>10</span> <span class='ocrx_word' id='word_1_282' title='bbox 406 3857 439 3923; x_wconf 87' lang='lat' dir='ltr'>ai,</span> <span class='ocrx_word' id='word_1_283' title='bbox 457 3861 622 3924; x_wconf 75' lang='lat' dir='ltr'>mleupra</span> <span class='ocrx_word' id='word_1_284' title='bbox 641 3855 689 3910; x_wconf 86' lang='lat' dir='ltr'>sed</span> <span class='ocrx_word' id='word_1_285' title='bbox 707 3856 735 3909; x_wconf 94' lang='lat' dir='ltr'><strong><em>P</em></strong></span> <span class='ocrx_word' id='word_1_286' title='bbox 780 3857 813 3908; x_wconf 88' lang='lat'>13</span> <span class='ocrx_word' id='word_1_287' title='bbox 833 3856 1009 3910; x_wconf 87' lang='lat' dir='ltr'>communiter</span> <span class='ocrx_word' id='word_1_288' title='bbox 1027 3855 1128 3908; x_wconf 89' lang='lat' dir='ltr'>ueritas</span> <span class='ocrx_word' id='word_1_289' title='bbox 1148 3854 1260 3908; x_wconf 83' lang='lat' dir='ltr'>Vneri-</span> 
     </span>
     <span class='ocr_line' id='line_1_33' title="bbox 106 3941 1261 4014; baseline -0.004 -14"><span class='ocrx_word' id='word_1_290' title='bbox 106 3953 153 4000; x_wconf 85' lang='lat' dir='ltr'>tas</span> <span class='ocrx_word' id='word_1_291' title='bbox 172 3961 237 4013; x_wconf 78' lang='lat' dir='ltr'>om,</span> <span class='ocrx_word' id='word_1_292' title='bbox 253 3962 288 3999; x_wconf 82' lang='lat' dir='ltr'>m.</span> <span class='ocrx_word' id='word_1_293' title='bbox 307 3951 339 3999; x_wconf 80' lang='lat' dir='ltr'>ut</span> <span class='ocrx_word' id='word_1_294' title='bbox 356 3945 415 3999; x_wconf 78' lang='lat' dir='ltr'>uid.</span> <span class='ocrx_word' id='word_1_295' title='bbox 435 3949 454 3998; x_wconf 86' lang='lat'><strong><em>2</em></strong></span> <span class='ocrx_word' id='word_1_296' title='bbox 471 3946 503 3998; x_wconf 82' lang='lat' dir='ltr'>in</span> <span class='ocrx_word' id='word_1_297' title='bbox 520 3961 605 4014; x_wconf 74' lang='lat' dir='ltr'>marg.</span> <span class='ocrx_word' id='word_1_298' title='bbox 621 3950 686 4013; x_wconf 85' lang='lat' dir='ltr'>post</span> <span class='ocrx_word' id='word_1_299' title='bbox 704 3944 883 3998; x_wconf 86' lang='lat' dir='ltr'>communiter</span> <span class='ocrx_word' id='word_1_300' title='bbox 901 3945 967 3998; x_wconf 82' lang='lat' dir='ltr'><strong><em>add.</em></strong></span> <span class='ocrx_word' id='word_1_301' title='bbox 986 3943 1023 3997; x_wconf 90' lang='lat' dir='ltr'>P¹</span> <span class='ocrx_word' id='word_1_302' title='bbox 1063 3945 1096 3997; x_wconf 83' lang='lat'>14</span> <span class='ocrx_word' id='word_1_303' title='bbox 1115 3941 1261 4001; x_wconf 85' lang='lat' dir='ltr'>collaudat,</span> 
     </span>
     <span class='ocr_line' id='line_1_34' title="bbox 105 4032 1261 4103; baseline -0.003 -15"><span class='ocrx_word' id='word_1_304' title='bbox 105 4040 172 4089; x_wconf 86' lang='lat' dir='ltr'>m.1</span> <span class='ocrx_word' id='word_1_305' title='bbox 193 4051 281 4103; x_wconf 72' lang='lat' dir='ltr'>mpra</span> <span class='ocrx_word' id='word_1_306' title='bbox 297 4035 311 4088; x_wconf 90' lang='lat' dir='ltr'>l</span> <span class='ocrx_word' id='word_1_307' title='bbox 329 4033 473 4088; x_wconf 82' lang='lat' dir='ltr'>concludat</span> <span class='ocrx_word' id='word_1_308' title='bbox 490 4034 518 4089; x_wconf 86' lang='lat' dir='ltr'><em>R</em></span> <span class='ocrx_word' id='word_1_309' title='bbox 609 4035 641 4088; x_wconf 80' lang='lat'>17</span> <span class='ocrx_word' id='word_1_310' title='bbox 660 4035 748 4103; x_wconf 87' lang='lat' dir='ltr'>mena]</span> <span class='ocrx_word' id='word_1_311' title='bbox 766 4051 842 4087; x_wconf 88' lang='lat' dir='ltr'>ruens</span> <span class='ocrx_word' id='word_1_312' title='bbox 861 4051 930 4103; x_wconf 86' lang='lat' dir='ltr'>quae</span> <span class='ocrx_word' id='word_1_313' title='bbox 947 4033 977 4088; x_wconf 81' lang='lat' dir='ltr'><em>R</em></span> <span class='ocrx_word' id='word_1_314' title='bbox 1074 4039 1126 4102; x_wconf 75' lang='lat' dir='ltr'>qut</span> <span class='ocrx_word' id='word_1_315' title='bbox 1144 4032 1172 4087; x_wconf 87' lang='lat' dir='ltr'><em>R</em></span> <span class='ocrx_word' id='word_1_316' title='bbox 1192 4047 1261 4100; x_wconf 87' lang='lat' dir='ltr'>quae</span> 
     </span>
     <span class='ocr_line' id='line_1_35' title="bbox 109 4121 1261 4192; baseline -0.003 -14"><span class='ocrx_word' id='word_1_317' title='bbox 109 4124 255 4179; x_wconf 72' lang='lat' dir='ltr'>Ciceronis</span> <span class='ocrx_word' id='word_1_318' title='bbox 273 4122 350 4178; x_wconf 80' lang='lat' dir='ltr'>codd.</span> <span class='ocrx_word' id='word_1_319' title='bbox 408 4123 440 4176; x_wconf 93' lang='lat'>18</span> <span class='ocrx_word' id='word_1_320' title='bbox 459 4122 553 4192; x_wconf 85' lang='lat' dir='ltr'>fugere</span> <span class='ocrx_word' id='word_1_321' title='bbox 572 4121 628 4192; x_wconf 86' lang='lat' dir='ltr'>(pr.</span> <span class='ocrx_word' id='word_1_322' title='bbox 649 4139 662 4176; x_wconf 88' lang='lat' dir='ltr'>e</span> <span class='ocrx_word' id='word_1_323' title='bbox 682 4139 715 4176; x_wconf 72' lang='lat' dir='ltr'>aa</span> <span class='ocrx_word' id='word_1_324' title='bbox 732 4138 802 4176; x_wconf 80' lang='lat' dir='ltr'>corr.</span> <span class='ocrx_word' id='word_1_325' title='bbox 821 4139 855 4178; x_wconf 84' lang='lat' dir='ltr'>m.</span> <span class='ocrx_word' id='word_1_326' title='bbox 867 4127 896 4189; x_wconf 79' lang='lat'>2)</span> <span class='ocrx_word' id='word_1_327' title='bbox 909 4122 947 4175; x_wconf 90' lang='lat' dir='ltr'><em>M</em></span> <span class='ocrx_word' id='word_1_328' title='bbox 998 4123 1032 4176; x_wconf 89' lang='lat'>19</span> <span class='ocrx_word' id='word_1_329' title='bbox 1047 4121 1131 4174; x_wconf 83' lang='lat' dir='ltr'>rumim</span> <span class='ocrx_word' id='word_1_330' title='bbox 1150 4124 1261 4189; x_wconf 73' lang='lat' dir='ltr'>(poma</span> 
     </span>
     <span class='ocr_line' id='line_1_36' title="bbox 106 4208 1260 4280; baseline -0.005 -13"><span class='ocrx_word' id='word_1_331' title='bbox 106 4213 179 4280; x_wconf 84' lang='lat' dir='ltr'>rua.)</span> <span class='ocrx_word' id='word_1_332' title='bbox 198 4209 236 4264; x_wconf 90' lang='lat' dir='ltr'>P¹</span> <span class='ocrx_word' id='word_1_333' title='bbox 291 4211 326 4264; x_wconf 78' lang='lat'>20</span> <span class='ocrx_word' id='word_1_334' title='bbox 344 4210 545 4280; x_wconf 87' lang='lat' dir='ltr'>intelligentiae</span> <span class='ocrx_word' id='word_1_335' title='bbox 564 4211 665 4279; x_wconf 85' lang='lat' dir='ltr'>(lntolli</span> <span class='ocrx_word' id='word_1_336' title='bbox 684 4210 736 4280; x_wconf 79' lang='lat' dir='ltr'>bia)</span> <span class='ocrx_word' id='word_1_337' title='bbox 754 4212 782 4264; x_wconf 91' lang='lat' dir='ltr'><strong><em>A</em></strong></span> <span class='ocrx_word' id='word_1_338' title='bbox 800 4210 991 4280; x_wconf 82' lang='lat' dir='ltr'>intellegentIa</span> <span class='ocrx_word' id='word_1_339' title='bbox 1008 4209 1046 4264; x_wconf 89' lang='lat' dir='ltr'><strong><em>M</em></strong></span> <span class='ocrx_word' id='word_1_340' title='bbox 1097 4209 1129 4262; x_wconf 77' lang='lat'>21</span> <span class='ocrx_word' id='word_1_341' title='bbox 1146 4208 1260 4262; x_wconf 62' lang='lat' dir='ltr'>«stoico-</span> 
     </span>
     <span class='ocr_line' id='line_1_37' title="bbox 107 4297 1260 4370; baseline -0.003 -16"><span class='ocrx_word' id='word_1_342' title='bbox 107 4319 169 4354; x_wconf 88' lang='lat' dir='ltr'>rum</span> <span class='ocrx_word' id='word_1_343' title='bbox 190 4301 209 4366; x_wconf 79' lang='lat' dir='ltr'>(i</span> <span class='ocrx_word' id='word_1_344' title='bbox 229 4315 299 4354; x_wconf 79' lang='lat' dir='ltr'>erus.</span> <span class='ocrx_word' id='word_1_345' title='bbox 310 4297 337 4366; x_wconf 71' lang='grc'>9)</span> <span class='ocrx_word' id='word_1_346' title='bbox 354 4299 390 4353; x_wconf 84' lang='grc' dir='ltr'><strong>Μ</strong></span> <span class='ocrx_word' id='word_1_347' title='bbox 503 4300 557 4355; x_wconf 91' lang='lat' dir='ltr'>nisi</span> <span class='ocrx_word' id='word_1_348' title='bbox 574 4299 754 4370; x_wconf 83' lang='lat' dir='ltr'>incorporalia</span> <span class='ocrx_word' id='word_1_349' title='bbox 773 4299 809 4352; x_wconf 93' lang='lat' dir='ltr'><em>M</em></span> <span class='ocrx_word' id='word_1_350' title='bbox 923 4301 957 4352; x_wconf 82' lang='lat'>22</span> <span class='ocrx_word' id='word_1_351' title='bbox 976 4299 1110 4367; x_wconf 84' lang='lat' dir='ltr'>intelligIt</span> <span class='ocrx_word' id='word_1_352' title='bbox 1128 4298 1216 4352; x_wconf 88' lang='lat' dir='ltr'>uoluit</span> <span class='ocrx_word' id='word_1_353' title='bbox 1234 4300 1260 4350; x_wconf 89' lang='lat' dir='ltr'><strong><em>A</em></strong></span> 
     </span>
     <span class='ocr_line' id='line_1_38' title="bbox 107 4388 933 4458; baseline -0.001 -14"><span class='ocrx_word' id='word_1_354' title='bbox 107 4391 144 4444; x_wconf 82' lang='lat'>26</span> <span class='ocrx_word' id='word_1_355' title='bbox 164 4388 276 4442; x_wconf 74' lang='lat' dir='ltr'>fuitus</span> <span class='ocrx_word' id='word_1_356' title='bbox 345 4391 467 4458; x_wconf 79' lang='lat' dir='ltr'>apertum</span> <span class='ocrx_word' id='word_1_357' title='bbox 487 4389 524 4442; x_wconf 79' lang='lat' dir='ltr'><strong><em>M</em></strong></span> <span class='ocrx_word' id='word_1_358' title='bbox 594 4405 645 4457; x_wconf 89' lang='lat' dir='ltr'>que</span> <span class='ocrx_word' id='word_1_359' title='bbox 664 4388 696 4442; x_wconf 80' lang='lat' dir='ltr'>in</span> <span class='ocrx_word' id='word_1_360' title='bbox 709 4388 815 4457; x_wconf 72' lang='lat' dir='ltr'>fines.</span> <span class='ocrx_word' id='word_1_361' title='bbox 835 4404 886 4442; x_wconf 89' lang='lat' dir='ltr'>om.</span> <span class='ocrx_word' id='word_1_362' title='bbox 906 4390 933 4443; x_wconf 91' lang='lat' dir='ltr'><strong><em>A</em></strong></span> 
     </span>
    </p>
   </div>
   <div class='ocr_carea' id='block_1_4' title="bbox 136 4494 1225 4565">
    <p class='ocr_par' dir='ltr' id='par_1_4' title="bbox 136 4494 1225 4565">
     <span class='ocr_line' id='line_1_39' title="bbox 136 4494 1225 4565; baseline -0.007 -11"><span class='ocrx_word' id='word_1_363' title='bbox 136 4513 257 4565; x_wconf 83' lang='lat' dir='ltr'>xxxnn,</span> <span class='ocrx_word' id='word_1_364' title='bbox 272 4513 331 4563; x_wconf 71' lang='lat' dir='ltr'>Aug.</span> <span class='ocrx_word' id='word_1_365' title='bbox 347 4517 402 4554; x_wconf 78' lang='lat' dir='ltr'>sect.</span> <span class='ocrx_word' id='word_1_366' title='bbox 413 4513 436 4552; x_wconf 93' lang='lat'>11</span> <span class='ocrx_word' id='word_1_367' title='bbox 446 4523 499 4562; x_wconf 78' lang='lat' dir='ltr'>pars</span> <span class='ocrx_word' id='word_1_368' title='bbox 509 4515 530 4554; x_wconf 81' lang='lat'>2.</span> <span class='ocrx_word' id='word_1_369' title='bbox 1190 4494 1225 4546; x_wconf 79' lang='grc'>44</span> 
     </span>
    </p>
   </div>
   <div class='ocr_carea' id='block_1_5' title="bbox 0 0 1550 5217">
    <p class='ocr_par' dir='ltr' id='par_1_5' title="bbox 0 0 1550 5217">
     <span class='ocr_line' id='line_1_40' title="bbox 0 0 1550 5217; baseline 0 0"><span class='ocrx_word' id='word_1_370' title='bbox 0 0 1550 5217; x_wconf 95' lang='lat' dir='ltr'> </span> 
     </span>
    </p>
   </div>
  </div>
 </body>
</html>
