3092 5217
667 490 693 545 S.
722 490 860 545 aureli
887 490 1106 561 Augustini

846 684 927 752 CIV.

311 824 459 882 DOMINO
485 823 615 879 EXIMIO
642 823 857 889 MERITOQUE
885 823 1116 879 HONORABILI
1140 824 1187 881 Ac
1216 825 1446 883 SUSOIPIENDO
1524 870 1525 887 ,

382 914 517 969 FRATRI
535 912 719 969 NEOTARIO
739 912 971 969 nususrluus
990 914 1031 967 IN
1050 912 1197 969 DOMINO
1218 914 1390 969 saturari.

256 1028 299 1091 ll
355 1040 433 1124 Legi
465 1040 588 1105 litteras
620 1039 826 1123 benignitatis
855 1042 940 1116 tuae,
973 1040 1089 1121 quibus
1117 1040 1197 1105 mihi
1228 1041 1324 1125 longe
1351 1044 1451 1123 postea

310 1146 515 1230 respondisti,
552 1165 647 1230 quam
683 1165 771 1210 meas
810 1146 849 1210 ad
886 1148 917 1210 te
950 1146 1149 1229 perferendas
1182 1147 1265 1212 dedi.
1298 1166 1369 1211 narn
1399 1166 1486 1231 egos

311 1254 544 1337 rescripseram,
583 1272 655 1317 cum
689 1253 793 1317 adhuc
825 1252 991 1318 nobiscum
1025 1256 1112 1319 esset
1144 1272 1245 1337 neque
1277 1254 1452 1339 nauigasset
1525 1266 1526 1301 ³

312 1363 442 1427 sanctus
473 1358 570 1424 frater
601 1362 633 1424 et
666 1360 876 1442 coepiscopus
909 1380 1000 1424 mous
1032 1360 1214 1435 Possidius;
1253 1361 1311 1425 has
1346 1366 1452 1435 autern,

312 1486 391 1550 quas
429 1466 492 1531 mei
525 1485 620 1531 causa
656 1465 703 1530 1111
742 1466 892 1549 dignatus
930 1484 963 1531 es
1001 1467 1141 1544 reddere,
1175 1467 1282 1549 accepi
1316 1466 1360 1532 Vl
1388 1466 1452 1532 Kal.

311 1574 430 1656 Aprilis
458 1576 534 1656 post
560 1590 687 1637 menses
715 1573 813 1637 fermo
843 1575 925 1649 octo,
955 1592 1050 1656 quam
1078 1573 1277 1657 scripseram.
1307 1592 1363 1637 cur
1387 1594 1453 1658 ergo
1526 1627 1527 1701 p

313 1679 352 1743 ad
375 1682 407 1745 tc
432 1682 497 1745 tarn
521 1699 591 1745 sero
614 1698 685 1743 mea
708 1680 827 1762 scripta
849 1680 1052 1763 peruenerint
1075 1684 1131 1744 aut
1154 1679 1192 1744 ad
1215 1698 1266 1743 me
1289 1684 1489 1764 tua,pror-1o
1526 1706 1527 1761 p

314 1805 368 1851 sus
387 1786 510 1869 ignoro,
524 1786 586 1851 nisi
606 1786 686 1851 forte
705 1786 800 1851 modo
820 1786 991 1851 rescribere
1005 1785 1190 1869 prudentiae
1205 1789 1280 1850 tuae
1298 1787 1454 1869 placuerit,
1526 1768 1527 1779 ἵ

314 1892 398 1975 quod
426 1892 528 1957 lacere
556 1896 628 1957 ante
657 1895 902 1975 contempseras.
935 1893 996 1957 hoc
1025 1893 1053 1957 si
1081 1894 1127 1957 ita
1155 1894 1214 1971 est,
1247 1894 1355 1971 miror,
1376 1895 1454 1958 unde

314 2000 366 2063 sit.
395 2018 433 2062 an
457 1998 577 2080 aliquid
605 1999 734 2076 audisti,
764 2000 849 2081 quod
873 2018 931 2065 nos
956 1999 1060 2064 adhuc
1087 2000 1176 2077 latet,
1204 2000 1336 2064 fratrem
1358 2020 1454 2065 meum

313 2107 496 2172 Possidium
521 2105 675 2171 aduersus
700 2106 788 2170 ciues
814 2110 897 2184 tuos,
923 2124 1002 2190 quos
1025 2144 1068 2153 —-
1091 2124 1169 2188 pace
1192 2110 1249 2171 tua
1267 2107 1396 2171 dixerim
1419 2145 1453 2155 —
1527 2115 1528 2193 l

315 2214 417 2278 multo
437 2212 597 2278 salubrius
617 2213 724 2297 diligit
742 2213 811 2296 ipse
836 2232 931 2295 quam
954 2216 1000 2291 tu,
1026 2232 1087 2295 quo
1106 2214 1287 2295 plectantur
1311 2213 1455 2290 seuerius,
1472 2238 1491 2275 rs
1527 2194 1528 2223 ³

315 2322 523 2405 impetrasse?
547 2339 619 2384 narn
642 2320 702 2385 hoc
727 2323 758 2384 et
783 2320 922 2403 epistula
944 2322 1000 2384 tua
1023 2324 1055 2385 te
1079 2323 1219 2385 metuere
1242 2320 1371 2399 indicat,
1390 2340 1455 2385 cunr

317 2427 477 2507 admones,
505 2430 543 2491 ut
573 2426 653 2491 mihi
689 2430 762 2491 ante
800 2426 909 2492 oculos
948 2428 1151 2505 constituam,
1186 2428 1289 2509 qualis
1326 2426 1381 2491 illa
1409 2426 1456 2491 ‘sit

316 2534 438 2616 species
466 2533 619 2612 ciuitatis,
649 2552 685 2597 ex
713 2553 777 2616 qua
810 2532 849 2597 ad
873 2533 1066 2617 supplicium
1091 2533 1227 2599 ducendi
1250 2534 1455 2609 extrahuntur,
1528 2605 1529 2623 χ

317 2659 396 2723 quae
415 2640 459 2704 sit
476 2643 624 2720 matmm,
645 2659 724 2724 quae
748 2641 931 2724 coniugum,
952 2660 1033 2723 quae
1056 2640 1238 2719 liberorum,
1259 2660 1339 2723 quae
1357 2660 1455 2724 paren·
1528 2626 1529 2629 ¹

316 2749 386 2811 tum
408 2746 605 2826 lamentatio,
630 2766 691 2829 quo
716 2746 835 2829 pudore
860 2747 899 2811 ad
918 2748 1052 2830 patriam
1071 2747 1178 2812 uenire
1197 2748 1325 2829 possint
1342 2748 1492 2812 liberatis

254 2926 257 2931 ,
317 2854 373 2919 sed
408 2854 495 2932 torti,
538 2872 618 2935 quos
655 2857 787 2917 renouet
824 2853 948 2919 dolores
986 2856 1041 2918 aut
1083 2854 1222 2938 gemitus
1256 2854 1456 2919 consideratio

317 2961 485 3025 uulnemm
519 2963 551 3024 et
583 2960 790 3025 cicatricum)
816 2958 909 3038 absit,
932 2962 980 3037 ut,
1003 2960 1066 3025 ista
1089 2960 1238 3041 cuiquam
1266 2960 1457 3025 inimicorum

317 3069 499 3133 nostrorum
539 3067 592 3130 ucl
633 3086 689 3148 per
728 3084 787 3131 nos
829 3068 882 3129 uel
923 3086 979 3149 per
1025 3084 1214 3149 quemquam
1260 3067 1344 3149 quod
1380 3068 1458 3149 inge-

317 3178 437 3250 rantur,
469 3172 642 3246 instemus;
675 3172 741 3248 sed,
775 3175 813 3236 ut
841 3170 913 3249 diri,
948 3172 975 3235 si
1007 3170 1128 3254 aliquid
1155 3173 1220 3237 tale
1253 3172 1292 3236 ad
1319 3176 1352 3237 te
1382 3173 1458 3237 fama

318 3280 461 3362 pertulit,
500 3278 640 3361 apertius
674 3278 822 3357 edissere,
860 3282 897 3341 ut
933 3279 1126 3358 nouerimus,
1164 3280 1217 3344 uel
1249 3280 1327 3361 quid
1363 3298 1457 3363 agere,
1473 3302 1494 3339 1,

319 3406 357 3450 no
400 3387 462 3451 ista
502 3386 588 3463 fiant,
631 3384 685 3449 uel
722 3384 798 3466 quid
835 3384 914 3449 haec
951 3382 1153 3450 credentibus
1190 3386 1378 3469 respondere
1413 3384 1458 3448 de·

320 3493 463 3557 beamus.

290 3607 310 3667 2
364 3601 500 3665 Litteras
529 3619 615 3664 meas
642 3599 750 3681 potius
779 3598 911 3675 intuere,
942 3598 1058 3681 quibus
1086 3604 1118 3662 te
1146 3599 1319 3664 rescribere
1346 3598 1457 3683 piguit:

320 3706 387 3771 illic
421 3706 502 3771 enim
536 3706 616 3771 satis
649 3707 789 3787 expressi
822 3706 962 3771 animum
995 3709 1149 3771 nostrum.
1184 3706 1250 3787 sed,
1283 3710 1320 3771 ut
1347 3707 1458 3789 opinor,

412 3934 516 3987 17-22
535 3959 568 3979 =
587 3950 613 4003 p.
634 3934 694 3997 581,
714 3934 803 3988 9-13

411 4058 488 4111 Idem
506 4057 617 4123 codices,
637 4057 734 4124 quiin
753 4073 793 4125 ep.
817 4058 901 4114 CIII.

410 4181 603 4235 Louanierrses
620 4180 694 4235 banc
717 4182 866 4249 epistulam
883 4182 915 4235 in
937 4181 1085 4236 Vaticanis
1108 4181 1312 4251 ecemptara'bus
1335 4184 1458 4249 reperiam

318 4270 407 4340 primi
425 4271 576 4323 ediderunt.

359 4395 375 4447 2
395 4394 565 4463 suspiciendo
589 4394 613 4447 V
669 4394 702 4449 10
720 4396 774 4448 iam
799 4394 825 4449 U
879 4397 910 4451 16
930 4412 991 4449 nam
1013 4398 1041 4449 et
1058 4395 1110 4449 hoc
1130 4395 1248 4465 epistola
1265 4398 1314 4448 tua
1330 4394 1378 4448 hoc
1394 4398 1420 4447 te
1438 4390 1461 4444 t'
