3092 5217
256 481 321 546 492
616 479 642 535 S.
671 469 810 532 Aureli
837 480 1055 549 Augustini

254 673 403 738 Iohannis
432 678 464 740 et
491 673 686 758 baptismum
716 674 845 753 Christi,
873 695 968 758 quem
996 675 1051 740 dat
1077 675 1268 756 haereticus,
1295 697 1402 742 nona

256 781 410 846 contrario
431 779 485 846 sed
505 781 644 846 multum
663 781 810 859 interest;
833 782 916 847 inter
933 782 1128 865 baptismum
1148 787 1254 848 autem
1274 783 1401 859 Christi,

256 906 350 968 quem
370 886 457 951 dedit
480 890 655 971 apostolus,
679 891 712 952 et
734 888 931 972 baptismum
950 888 1080 968 obusti,
1103 908 1198 971 quem
1222 891 1277 956 dat
1298 891 1403 957 haere

254 992 351 1072 tiens,
383 993 463 1058 nibil
489 995 628 1060 interest.
663 995 848 1078 agnoscitur
874 995 958 1060 euim
986 1000 1254 1062 sacramentomm
1281 1000 1404 1082 speeies
1522 1020 1523 1077 l

256 1101 408 1182 aequalis,
451 1101 546 1166 etiam
589 1121 661 1166 cnm
703 1121 819 1186 magna
860 1102 1037 1168 differentia
1076 1106 1126 1168 est
1166 1105 1199 1169 in
1240 1103 1406 1170 hominum
1436 1128 1447 1164 s
1522 1106 1523 1183 l

255 1207 387 1274 meritis.
1522 1204 1523 1219 ³

202 1321 246 1384 49
302 1311 364 1379 Sed
393 1313 432 1378 da
464 1314 604 1390 ueniam3
635 1313 748 1393 erraui,
778 1313 903 1397 quaudo
932 1317 965 1379 te
993 1315 1083 1381 uolui
1111 1315 1150 1380 de
1178 1315 1304 1382 ebrioso
1331 1317 1406 1400 bap

256 1421 371 1486 tinente
403 1421 603 1496 conuincer·e;
634 1420 790 1486 exciderat
822 1421 901 1485 mibi
924 1440 997 1487 cum
1020 1423 1190 1508 Rogatiste
1215 1443 1267 1488 me
1290 1423 1406 1490 babere
1522 1456 1523 1495 1

255 1547 332 1610 rem,
361 1546 422 1592 non
446 1547 519 1592 cum
543 1527 766 1612 qualicumque
791 1528 968 1594 Donatista.
997 1532 1089 1612 potes
1113 1531 1196 1595 euim
1224 1533 1261 1595 tu
1284 1531 1317 1596 iu
1339 1536 1406 1596 tam

257 1633 366 1716 paucis
401 1633 533 1717 collegis
566 1632 631 1697 tuis
665 1637 696 1698 et
728 1633 759 1698 in
793 1633 941 1699 omuibus
974 1635 1098 1700 clericis
1130 1637 1247 1701 uestris
1279 1637 1406 1702 nullum
1424 1665 1446 1701 ιο
1522 1692 1523 1729 q

257 1739 400 1804 inuenire
422 1739 554 1804 forsitan
579 1739 747 1806 ebriosum.
775 1760 835 1806 uos
858 1739 941 1805 enim
965 1743 1055 1818 estis,
1080 1743 1135 1825 qui
1159 1761 1220 1808 non
1244 1761 1281 1809 cx
1303 1743 1405 1808 totius
1522 1772 1523 1795 1

257 1845 340 1912 orbis
365 1845 585 1912 commuuione
614 1846 670 1910 sed
693 1865 729 1911 ex
753 1847 975 1914 obseruatione
997 1854 1237 1932 praeceptorum
1263 1851 1405 1917 omnium
1522 1820 1523 1867 Ὗ

257 1952 436 2018 diuinorum
469 1956 563 2035 atque
592 1953 732 2018 omnium
766 1958 1034 2020 sacramentorum
1066 1956 1183 2021 tenetis
1215 1957 1406 2022 catholicam
1522 1968 1523 2035 l

257 2058 362 2138 fidem,
390 2059 422 2123 in
447 2060 562 2142 quibus
586 2078 655 2124 eam
680 2060 758 2126 solis
782 2061 970 2126 inuenturos
993 2065 1054 2140 est,
1078 2081 1150 2127 cum
1174 2064 1296 2128 uenerit
1320 2064 1406 2128 filius

257 2166 406 2243 bominis,
438 2167 561 2249 quaudo
585 2186 646 2232 non
675 2167 820 2232 inueniet
846 2167 940 2232 tidem
964 2168 996 2233 in
1024 2172 1116 2246 terra,
1146 2170 1221 2252 quia
1242 2189 1300 2235 nec
1324 2175 1409 2234 terra
1424 2197 1446 2234 u

257 2273 336 2338 estis
374 2291 431 2337 nec
468 2273 500 2337 in
537 2276 629 2352 terra,
668 2273 723 2338 sed
761 2274 917 2339 caelestes
955 2274 986 2338 iu
1020 2275 1108 2340 caelo
1143 2276 1310 2340 habitatis!
1350 2295 1406 2340 neo
1522 2260 1523 2275 ¹

258 2379 429 2444 adtenditis
471 2398 527 2444 nec
569 2380 702 2458 timetis,
745 2380 819 2462 quie
856 2380 956 2446 deus
995 2382 1185 2465 superbis
1226 2383 1405 2448 resistit.
1522 2424 1523 2431 1

257 2486 487 2551 humilibus
508 2491 640 2552 antem
660 2486 727 2552 dat
749 2488 947 2572 gratiam?
971 2507 1027 2552 nec
1051 2507 1111 2554 uos
1132 2489 1290 2573 euangelii
1314 2491 1407 2556 locus
1522 2488 1523 2497 ’

257 2592 326 2676 ipse
358 2593 555 2676 compungit,
593 2594 647 2658 ubi
680 2593 827 2676 dominus
861 2594 920 2659 ait:
959 2594 1051 2660 Cum
1085 2595 1248 2660 uenerit
1283 2595 1406 2660 lilius

259 2699 446 2778 bominis,
484 2703 605 2783 putas
638 2701 829 2766 inueniet
861 2700 983 2766 fidem
1015 2701 1054 2765 in
1085 2703 1216 2766 terre?
1254 2701 1445 2767 continuere

259 2806 375 2890 quippe
392 2810 555 2889 tamquam
578 2806 758 2890 praesciens
777 2807 945 2873 nonnullos
965 2807 1026 2872 sibi
1045 2808 1179 2890 superbe
1198 2806 1405 2892 adrogaturos

258 2912 339 2981 hano
371 2913 466 2978 iidem
499 2913 604 2980 dixit
636 2913 681 2978 ad
710 2913 916 2996 quosdam,
949 2913 1019 2996 qui
1047 2913 1128 2978 sibi
1159 2913 1265 2980 iusti
1298 2913 1404 2978 uide·

258 3019 406 3085 bantur
426 3023 464 3085 et
483 3021 732 3103 spernebant
752 3024 924 3098 ceteros,
949 3020 1270 3086 similitudinem
1289 3020 1402 3085 banc:

349 3211 381 3264 14
400 3207 462 3264 Luc.
484 3209 561 3272 18,8
650 3211 681 3262 17
701 3209 754 3265 Iao.
774 3211 836 3269 4.6
923 3211 957 3264 19
975 3210 1040 3264 Luc.
1062 3211 1140 3271 18.ss
1221 3211 1256 3265 22
1275 3211 1340 3264 Luc.
1362 3211 1402 3264 18.

257 3298 347 3354 9-10

297 3406 309 3459 l
336 3408 363 3458 et
386 3405 562 3475 baptismum]
591 3409 618 3459 et
642 3405 714 3459 inter
737 3404 902 3475 baptismum
926 3404 953 3458 L
976 3405 1036 3460 edri.
1146 3407 1162 3460 3
1186 3404 1288 3460 Christi
1310 3405 1405 3459 συιδ

258 3495 376 3564 4enim]
398 3493 535 3548 antemi]
604 3493 849 3549 sacramentumG
911 3494 1070 3564 bacqualis
1088 3497 1131 3549 est
1149 3495 1231 3548 etiem
1249 3492 1277 3548 L
1360 3493 1402 3546 oin

259 3584 330 3655 (picit
349 3587 368 3651 r)
388 3585 420 3637 M
475 3584 490 3636 7
509 3582 584 3636 uolui
603 3586 631 3638 te
650 3583 678 3638 R
738 3585 753 3637 8
772 3600 816 3637 me
834 3583 935 3637 habere
953 3583 1032 3638 codd.
1052 3601 1071 3638 c
1088 3601 1131 3637 me
1150 3601 1206 3638 rem
1224 3583 1325 3637 habere
1344 3588 1400 3637 cett.

258 3672 333 3740 cdd.;
351 3673 452 3742 scripsi
464 3688 507 3726 me
526 3671 626 3726 babere
646 3689 701 3728 rem
726 3674 773 3741 (cf.
793 3672 889 3727 Placet.
909 3671 1011 3727 Bacch.
1034 3675 1093 3726 564
1112 3672 1271 3744 quibuscum
1290 3671 1402 3726 haberes

258 3779 326 3826 rem;
346 3761 431 3816 Mero.
454 3763 513 3815 534
530 3760 615 3815 babet
634 3778 688 3816 rem
705 3764 806 3828 tecum)
844 3761 861 3815 9
876 3778 936 3815 cum
950 3778 1002 3816 one.
1015 3759 1042 3814 L
1096 3765 1140 3815 tu·
1153 3760 1191 3815 Μ
1201 3761 1243 3815 tui
1258 3761 1278 3826 (i
1294 3764 1364 3829 ap.)
1377 3760 1403 3812 P

293 3855 350 3906 tam
368 3853 400 3904 c'n
418 3866 473 3904 roa.
493 3851 603 3904 mill
675 3849 961 3906 lantoniensem
1041 3849 1204 3904 teneriore
1274 3850 1308 3904 14
1326 3865 1360 3902 ea
1376 3849 1401 3900 A

293 3940 365 3994 filins
384 3939 502 3994 bominis
522 3957 581 3994 cum
600 3939 707 3993 uenerit
724 3937 753 3994 R
809 3941 842 3994 15
861 3938 980 4009 quando]
1000 3937 1074 4010 quod
1090 3937 1128 3992 M
1185 3937 1314 4007 quia-iu
1330 3940 1402 3990 terra

258 4028 622 4098 om.,aa.1irainf.morp.
643 4028 707 4083 add.
727 4029 760 4082 N
823 4028 857 4083 16
876 4028 957 4082 caelis
975 4026 1004 4082 R
1075 4025 1232 4080 habitantes
1249 4024 1278 4078 A
1352 4041 1402 4079 uec

258 4119 362 4174 timetis
380 4136 429 4174 neo
449 4118 592 4173 attenditis
612 4118 672 4172 cdd.
720 4119 753 4173 17
773 4118 896 4188 superbis
915 4117 982 4171 deus
999 4116 1028 4171 R
1082 4114 1150 4170 deus
1167 4115 1264 4170 oraro
1310 4115 1398 4169 1810·

259 4225 305 4262 cus
325 4209 460 4278 euangelii
475 4211 501 4264 R
568 4209 603 4262 20
623 4210 821 4278 superterram
839 4206 868 4262 R
930 4208 963 4260 21
984 4209 1185 4276 arrogatusros
1205 4206 1399 4271 (israelm

258 4299 434 4352 coadunatum
447 4297 483 4352 M
549 4300 582 4352 22
598 4297 665 4352 dicit
678 4296 704 4350 L
777 4297 919 4366 quosdam]
939 4295 1083 4365 quosMA
1154 4294 1219 4348 insti
1238 4293 1399 4348 uidebantur

258 4385 311 4440 sibi
329 4386 357 4440 R
