3092 5217
490 548 756 616 epistularum
786 548 883 603 CVIII.
1192 554 1256 616 629

108 740 226 819 quibus
265 740 419 822 scriptum
453 744 516 804 est:
554 742 758 806 Venenum
798 744 980 826 aspidum
1021 745 1093 809 snb
1130 745 1255 810 labiis

107 864 256 922 eornm,
297 867 462 928 quorum
501 868 543 912 oa
579 849 875 916 maledictione
908 854 948 915 et
983 852 1256 916 amaritudine

107 953 272 1034 plenum
298 956 370 1017 est.
398 953 566 1017 ualoces
589 955 713 1036 pedes
737 974 870 1019 eorum
896 956 941 1021 ad
965 956 1256 1021 effundendum

108 1060 360 1142 sanguinem‘
384 1064 417 1123 et
439 1063 553 1125 cetera.
579 1060 695 1142 quibus
719 1061 815 1125 dictis
845 1066 883 1125 ut
910 1062 1020 1127 deiude
1045 1064 1255 1141 ostenderent,

77 1166 165 1246 aqui
189 1170 305 1239 essent,
329 1186 409 1248 quos
431 1166 571 1231 traheret
592 1166 632 1230 ad
655 1168 850 1232 consortium
875 1169 1014 1233 cribrinis
1034 1174 1145 1233 catena
1163 1170 1256 1235 sacri-

107 1270 197 1353 legii,
231 1291 348 1353 eosque
386 1292 458 1337 cnm
495 1273 685 1339 Maximiano
721 1274 819 1338 simili
857 1276 1027 1340 seueritate
1060 1277 1256 1341 damnarent:

107 1378 249 1443 ‘Famosi
282 1380 376 1462 ergo‘,
413 1378 572 1459 inquiunt,
606 1379 757 1443 ‘criminis
794 1398 863 1443 raes
896 1379 1114 1445 Victoriarum
1148 1380 1258 1445 Carca-

107 1485 315 1560 uianensem'‚
349 1486 388 1549 ad
420 1504 513 1566 quem
546 1485 724 1568 adiungunt
755 1486 835 1551 alios
868 1484 1026 1565 ardentm,
1063 1487 1145 1551 inter
1177 1504 1257 1569 quos

107 1592 307 1655 Feliciannm
338 1592 551 1657 Mustitanum
585 1595 617 1657 et
648 1592 884 1657 Praetextatum
917 1593 1153 1657 Assuritannm.
1185 1598 1259 1676 post

67 1729 91 1767 a
107 1699 188 1762 haec
216 1699 249 1761 in
273 1716 326 1761 eos
350 1698 436 1762 dicta
457 1699 543 1762 facta
564 1702 614 1763 est
637 1719 710 1763 cum
734 1700 780 1764 eis
803 1704 891 1765 tanta
915 1699 1090 1779 concordia,
1119 1706 1156 1763 ut
1178 1699 1258 1763 nihil

110 1824 222 1870 eorum
249 1805 446 1868 minueretur
473 1806 658 1884 honoribus,
686 1806 794 1870 nullus
820 1806 858 1871 ab
882 1807 929 1871 eis
953 1808 1081 1871 ablutus
1109 1810 1183 1888 post
1206 1806 1259 1869 ub-

108 1912 269 1976 luentium
291 1912 390 1993 pedes
413 1912 540 1976 neloces
565 1913 604 1975 ad
629 1913 853 1977 effundendum
881 1914 1067 1997 sanguinem
1092 1917 1124 1977 et
1146 1930 1258 1977 rursus

107 2018 286 2083 abluendus
304 2018 507 2083 iudicaretur.
532 2038 587 2083 eur
610 2039 684 2102 ergo
709 2018 747 2083 da
770 2023 879 2084 nostra
902 2020 1069 2084 cuncordia
1093 2020 1257 2101 desperan-

107 2126 186 2190 dum
220 2128 290 2189 est?
319 2124 398 2188 dous
431 2125 548 2189 diaboli
581 2129 704 2190 auertat
735 2126 889 2191 inuidiam
922 2128 963 2191 et
993 2146 1065 2209 pax
1098 2125 1257 2191 Christi

67 2233 253 2300 anincat
288 2232 327 2294 in
365 2231 560 2296 cordibus
600 2233 757 2297 nostris
786 2252 832 2310 ac,
864 2232 949 2297 sicut
975 2234 1059 2297 idem
1093 2232 1257 2315 apostolus

108 2339 201 2416 dicit,
236 2338 432 2403 donemus
469 2340 677 2403 nobismet
712 2339 828 2421 ipsis,
864 2340 898 2403 si
934 2340 1024 2423 quis
1058 2339 1256 2404 aduersus

108 2446 289 2527 aliquem
313 2446 436 2509 habet
460 2448 676 2528 querelam,
701 2446 813 2511 sicut
841 2451 880 2512 at
903 2446 1000 2511 deus
1029 2448 1066 2511 in
1092 2445 1256 2511 Christo

109 2553 283 2616 donauit
310 2553 438 2629 nobis,
466 2556 513 2629 nt,
538 2553 622 2635 qnod
649 2553 713 2616 iam
737 2554 800 2617 dixi
828 2556 860 2619 et
888 2573 982 2637 saepe
1007 2554 1174 2618 dicendum
1198 2554 1257 2628 est,

108 2660 267 2723 caritas
291 2659 504 2742 cooperiat
527 2658 838 2723 multitudinem
862 2663 1135 2741 peccatorum.

15 2762 48 2823 16
67 2795 92 2837 ιο
153 2764 276 2831 Verum
299 2768 346 2843 to,
369 2766 476 2842 frater,
501 2783 573 2828 curn
593 2784 656 2847 quo
679 2783 762 2829 nunc
785 2784 844 2849 ago
865 2768 897 2829 et
920 2766 958 2830 de
983 2785 1045 2848 qno
1068 2766 1099 2829 in
1121 2764 1257 2843 Christo,

108 2873 197 2937 sicut
228 2873 296 2954 ipse
328 2872 429 2949 nouit,
462 2871 600 2956 gaudere
628 2871 783 2947 desidero,
817 2872 844 2935 si
876 2872 975 2954 partIs
1004 2872 1120 2936 Donati
1153 2870 1258 2935 defen·
1323 2854 1324 2860 ἵ

109 2980 235 3043 sinnem
257 2980 290 3042 in
314 2980 372 3043 hac
391 2978 575 3043 Maximiani
595 2997 691 3044 causa
709 2978 791 3043 uelis
809 2996 865 3061 pro
884 2978 1003 3062 ingenii
1022 2978 1071 3043 tui
1091 2982 1122 3043 et
1141 2977 1259 3059 eloquii

108 3087 266 3151 facultate
293 3086 454 3167 suscipere
477 3104 535 3149 nec
558 3085 753 3149 mendaciter
776 3104 879 3169 agere,
904 3085 1054 3168 qnoniam
1076 3102 1184 3149 recens
1209 3085 1259 3147 est

107 3193 267 3258 momoria
287 3193 367 3276 ipsis
390 3192 582 3268 bominibus,
610 3191 641 3255 in
666 3212 745 3274 quos
769 3193 848 3256 haec
871 3195 963 3276 gesta
986 3194 1070 3269 sunt,
1100 3191 1201 3255 adhuc
1224 3191 1257 3253 in

66 3326 90 3365 a
110 3319 241 3383 corpore
260 3299 456 3376 constitutis,
478 3301 528 3362 tot
546 3298 642 3362 etiam
660 3298 940 3380 proconsularibus
959 3300 991 3363 et
1011 3297 1257 3380 municipalibus

110 3409 214 3491 gestis
233 3410 348 3471 cuncta
370 3409 490 3471 testata
512 3409 597 3483 sunt,
621 3424 723 3469 nonne
747 3406 912 3490 confugies
937 3406 975 3469 ad
998 3403 1155 3489 praesidia
1176 3403 1258 3467 ueri-

203 3653 215 3704 l
236 3651 281 3707 Ps.
303 3652 345 3706 13.
364 3650 380 3704 3
498 3650 513 3703 7
536 3651 604 3718 Aug.
625 3652 718 3703 contra
736 3650 863 3706 crescon.
882 3650 952 3704 Don.
973 3650 1081 3713 11122;
1102 3652 1149 3713 59;
1169 3650 1207 3703 lv
1226 3654 1255 3713 5;

111 3741 159 3802 15;
179 3739 216 3793 38
271 3740 305 3792 14
324 3737 381 3794 Cel.
401 3738 426 3801 3,
448 3738 480 3791 15
537 3739 569 3791 16
589 3736 646 3791 Col.
667 3738 692 3800 3,
713 3738 747 3791 13
804 3738 960 3791 19IPetr.
980 3738 1043 3801 4,8

146 3914 324 3969 5traherent
345 3916 372 3980 (n
392 3913 462 3983 exp.)
481 3914 509 3966 P
574 3914 721 3983 deosque]
742 3929 788 3966 eos
809 3914 854 3981 qui
873 3913 901 3966 P
969 3915 1002 3968 10
1022 3914 1078 3982 eoa]
1100 3914 1143 3983 oyl
1166 3913 1259 3981 apatio

111 4008 187 4057 3-4
207 4003 224 4057 I.
243 4004 275 4055 in
288 4003 386 4072 pinea
413 4020 504 4057 uacuo
523 4004 550 4056 P
603 4004 637 4056 12
657 4007 685 4055 et
704 4019 755 4057 ona.
779 4002 836 4056 VU
850 4002 911 4056 edd.
968 4003 1000 4056 13
1020 4002 1169 4056 abluendus
1187 4001 1257 4055 indi-

111 4097 186 4147 caret
209 4091 236 4145 V
252 4098 277 4145 et
296 4092 360 4145 add.
380 4093 412 4145 ia
429 4093 555 4161 nrarpine
573 4093 641 4145 alius
660 4092 711 4145 Ms.
731 4092 895 4145 abluendum
914 4095 1023 4161 putaret
1042 4092 1075 4145 tr
1093 4092 1258 4145 abluendum

111 4184 223 4252 putaret
244 4180 270 4235 U
287 4181 450 4235 abluendum
469 4181 603 4235 iudicaret
620 4197 635 4233 a
703 4183 737 4234 14
755 4180 886 4235 auerterit
909 4180 963 4233 VU
979 4179 1038 4233 edd.
1095 4181 1127 4235 16
1147 4180 1213 4249 quid
1236 4179 1263 4233 U

112 4272 147 4324 ra
166 4271 290 4339 cooperit
306 4270 334 4323 P
436 4270 470 4323 22
489 4286 553 4339 per.
566 4312 572 4322 .
585 4269 750 4323 ..facultate
776 4268 825 4322 VU
844 4272 918 4335 (m.2
936 4268 1104 4335 facultatem)
1122 4286 1171 4338 per
1181 4310 1258 4323 .....

111 4360 273 4414 facultatem
291 4360 351 4413 edd.
434 4362 463 4412 et
481 4374 531 4413 om,
550 4358 579 4411 P
666 4361 700 4413 23
720 4361 762 4412 est
781 4374 831 4412 om.
851 4359 878 4412 P
967 4360 1001 4412 24
1017 4358 1104 4428 ipsius
1128 4356 1183 4412 VU
1198 4358 1258 4415 edd.

111 4451 148 4503 26
168 4449 399 4518 cauma-quibua
418 4466 468 4505 orn.
493 4448 549 4502 VU
564 4449 623 4503 cdd.
