3092 5217
492 504 756 573 epistularum
784 504 852 559 CIX.
882 504 936 559 CX.
1218 508 1283 571 639

134 697 249 761 simam
272 697 461 771 insinuauit;
486 716 597 762 uerum
617 702 722 761 tamen
742 698 801 761 etsi
827 717 888 761 non
913 696 991 761 milri
1015 698 1061 761 rei
1083 717 1185 763 nouae
1209 698 1285 762 insi·

133 804 268 880 nuatrix,
293 823 375 867 noua
398 806 503 867 tumen
527 804 752 887 rescriptorum
777 806 912 869 exactrix
936 804 1006 868 luit.

55 912 72 971 2
178 910 305 974 Miraris
323 910 471 987 fortasse,
495 929 625 975 curma
648 910 744 975 huius
768 909 867 974 debiti
890 913 1120 994 persolutorem
1144 911 1285 995 inparem

134 1016 249 1094 dicam,
273 1036 346 1082 cum
370 1018 406 1080 tu
430 1018 468 1081 de
491 1036 543 1081 me
565 1021 631 1082 tam
654 1017 792 1082 multum
816 1018 945 1095 sentias,
970 1018 1023 1101 qui
1046 1038 1097 1083 me
1120 1022 1282 1101 tamquam

103 1123 241 1187 sanima
267 1144 337 1187 mea
363 1124 501 1189 noueris.
529 1124 586 1189 sed
613 1125 672 1190 hoc
699 1123 806 1207 ipsum
831 1128 891 1201 est,
919 1125 1004 1208 quod
1031 1125 1109 1190 mihi
1137 1144 1284 1209 magnam

134 1230 358 1294 difficultatem
384 1230 462 1295 facit
489 1230 698 1312 respondendi
725 1230 842 1295 litteris
870 1230 946 1310 tuis,
976 1231 1050 1314 quia
1077 1234 1119 1309 et,
1149 1235 1284 1313 quantus

134 1336 215 1400 mihi
233 1336 382 1413 uideatis,
401 1356 495 1418 parco
507 1337 610 1401 dicere
628 1341 757 1419 propter
775 1338 996 1401 uerecundiam
1016 1340 1105 1402 tuam
1125 1340 1157 1402 et
1176 1338 1286 1419 utiquo

133 1443 243 1507 minus
275 1444 418 1521 dicendo,
456 1464 530 1508 cum
561 1448 598 1509 tu
634 1444 665 1509 iu
699 1464 750 1509 me
784 1447 905 1508 tantam
943 1444 1069 1509 laudern
1103 1444 1284 1521 contuleris,

135 1550 215 1632 quid
233 1551 295 1614 nisi
313 1551 437 1616 debitor
453 1553 643 1616 remanebo?
667 1551 752 1634 quod
770 1570 831 1615 non
853 1570 1004 1628 curarem,
1028 1551 1056 1615 si
1076 1570 1122 1628 ea,
1147 1550 1286 1634 quaeda
1387 1574 1390 1581 ·

93 1684 117 1720 ιο
134 1676 187 1721 me
207 1657 247 1720 ad
265 1676 316 1721 me
334 1658 462 1723 locutus
482 1678 526 1734 es,
546 1678 606 1722 nou
626 1678 661 1723 er
681 1657 812 1723 caritate
836 1658 1050 1722 sincerissima
1068 1656 1154 1723 dicta
1172 1658 1286 1722 scirem

134 1764 193 1828 sed
217 1764 397 1829 adulatione
420 1765 549 1829 inimica
571 1764 739 1830 amicitiae.
760 1765 821 1829 hoe
840 1764 956 1847 quippe
975 1764 1069 1827 modo
1089 1783 1145 1829 nec
1165 1764 1289 1829 debitor

134 1870 255 1947 fierem,
285 1870 359 1952 quia
386 1872 462 1934 talia
489 1872 657 1953 rependere
686 1891 746 1936 non
771 1872 934 1945 deberem;
964 1870 1020 1936 sed
1043 1874 1160 1953 quanto
1183 1872 1286 1955 magis

134 1977 224 2053 noui,
253 1996 347 2060 quam
374 1976 461 2042 fideli
490 1978 594 2043 auimo
617 1978 768 2061 loqueris,
797 1981 885 2043 tanto
910 1978 1013 2062 magis
1037 1976 1141 2057 uideo,
1170 1982 1287 2060 quanto

136 2082 244 2147 debito
268 2102 391 2165 grauer.

56 2189 118 2254 315
182 2189 262 2254 Vide
286 2192 403 2268 autem,
427 2189 503 2271 quid
525 2190 603 2255 mihi
627 2189 771 2274 contigit,
801 2193 839 2254 ut
861 2209 912 2254 me
936 2190 1073 2272 quodam
1097 2188 1190 2253 modo
1218 2189 1288 2270 ipso

135 2300 345 2379 laudauerim,
368 2299 423 2382 qui
446 2318 497 2363 me
517 2317 534 2362 a
557 2303 588 2363 te
612 2297 748 2363 fideliter
769 2297 936 2362 laudatum
961 2295 1101 2359 dixerim.
1131 2295 1187 2360 sed
1211 2294 1287 2376 quid

136 2406 225 2471 aliud
253 2408 389 2472 dicerem
416 2426 511 2489 quam
542 2406 586 2484 id,
620 2404 705 2487 quod
737 2404 775 2469 de
807 2407 840 2469 te
868 2403 1029 2479 admonui,
1058 2422 1153 2485 quam
1182 2402 1289 2467 nosti?

137 2534 211 2579 ecce
234 2516 314 2579 mihi
336 2534 451 2579 nouam
479 2514 541 2579 feci
564 2512 794 2595 quaestionem,
824 2531 918 2593 quam
943 2514 978 2575 tu
1003 2529 1064 2574 nou
1092 2508 1289 2591 proposuisti

137 2625 171 2686 et
198 2641 268 2685 eam
299 2622 445 2686 fortassis
473 2624 620 2700 expectas
652 2624 690 2683 ut
722 2618 857 2683 soluam.
890 2618 934 2680 ita
966 2616 1044 2681 mihi
1071 2635 1183 2697 parum
1212 2618 1288 2691 erat,

94 2749 119 2785 a
138 2726 225 2809 quod
245 2726 367 2792 debitor
385 2746 481 2803 eram,
504 2726 567 2790 nisi
587 2726 681 2790 etium
705 2744 757 2789 me
782 2724 933 2808 ampliore
957 2723 1062 2787 debito
1086 2722 1155 2804 ipse
1179 2740 1288 2787 curnu-

136 2838 246 2901 larem.
274 2852 466 2916 quamquam
495 2834 555 2898 hoc
583 2833 676 2897 facile
705 2832 748 2895 sit
777 2830 941 2896 ostendere
970 2829 1064 2902 etsi
1096 2847 1156 2892 non
1186 2831 1288 2891 osten·

137 2940 222 3017 dam,
251 2940 345 3004 facile
372 2940 432 3004 tibi
461 2940 568 3005 uidere
597 2944 629 3003 et
657 2958 733 3003 nera
759 2936 930 3001 infideliter
953 2936 1016 3000 dici
1043 2954 1138 3019 posse
1167 2937 1200 2998 et
1227 2953 1287 2998 non

137 3066 215 3111 uera
237 3045 383 3109 fideliter.
407 3046 569 3134 quicnim
593 3045 640 3108 sic
665 3044 773 3120 credit,
804 3044 841 3106 ut
862 3042 1014 3124 loquitur,
1044 3041 1106 3105 etsi
1128 3060 1188 3105 non
1214 3058 1289 3104 uera

138 3154 291 3236 loquitur,
311 3152 447 3216 fideliter
465 3152 618 3234 loquitur;
641 3151 695 3232 qui
710 3154 815 3214 autern
836 3169 897 3214 non
913 3147 1021 3222 credit,
1038 3166 1117 3229 quae
1135 3146 1289 3227 loquitur,

96 3259 202 3324 2511181
229 3279 306 3323 nera
332 3259 483 3340 loquitur,
511 3257 682 3323 infideliter
708 3257 861 3338 loquitur.
889 3254 1045 3337 numquid
1068 3272 1141 3337 ergo
1167 3252 1289 3328 dubito,

176 3522 192 3574 3
213 3520 407 3590 persolutione.
426 3524 488 3576 m.1
504 3536 592 3589 supra
609 3519 623 3571 l
640 3517 835 3588 persolutorem
855 3517 883 3572 R
937 3519 954 3570 4
973 3516 1006 3569 de
1025 3516 1058 3569 in
1071 3515 1131 3584 fine
1149 3531 1176 3567 u.
1196 3515 1289 3567 orruA

143 3610 175 3664 de
195 3610 225 3676 (d
244 3626 278 3663 ex
296 3626 364 3664 corr.
383 3626 417 3662 m.
428 3610 456 3679 1)
475 3609 512 3662 P¹
587 3611 645 3661 tum
663 3607 789 3677 multum]
809 3610 915 3660 tantum
935 3606 969 3658 M
1041 3604 1142 3659 discit
1160 3603 1291 3670 Rslrm

177 3698 307 3769 respondi
324 3698 391 3751 MF
482 3698 499 3751 9
519 3714 588 3766 quae
608 3697 641 3750 de
659 3712 702 3749 me
714 3696 718 3766 Ι
730 3695 865 3749 allocutus
884 3711 912 3748 es
931 3694 959 3747 A
1058 3694 1091 3747 10
1110 3691 1291 3745 sincerissima

142 3789 257 3841 caritate
275 3786 304 3841 R
409 3787 439 3840 ll
460 3788 521 3856 nec]
541 3803 596 3839 non
613 3785 644 3839 F
750 3786 784 3837 12
802 3782 965 3854 respondere
984 3782 1021 3836 M
1037 3780 1233 3852 reprehendere
1252 3779 1290 3832 Ρ1

144 3877 176 3931 13
195 3876 271 3929 fideli
291 3875 392 3944 animo]
412 3874 503 3928 tidelia
521 3891 599 3928 nemo
618 3873 656 3926 Μ
671 3872 765 3926 fidelia
783 3888 880 3942 nempe
899 3872 926 3925 A
1018 3872 1051 3925 14
1070 3886 1202 3939 grauemu
1223 3873 1289 3934 (ras.

141 3966 263 4031 1-21.)
282 3965 309 4018 P
398 3965 432 4017 15
452 3963 523 4032 quod
542 3962 713 4016 admodoM
783 3962 841 4031 ipse
860 3977 911 4016 om.
930 3961 959 4016 R
1050 3960 1082 4012 17
1102 3958 1174 4027 quod
1193 3973 1244 4011 om.
1263 3956 1295 4009 F

178 4054 298 4117 admoui,
317 4059 378 4107 nal
396 4069 464 4107 corr.
484 4052 613 4105 admonui
630 4052 661 4105 F
748 4067 837 4120 quem,
857 4054 916 4103 m.1
934 4066 1021 4117 supra
1039 4048 1052 4100 l
1070 4064 1152 4117 quam
1164 4046 1192 4101 R
1212 4062 1291 4114 quem

141 4146 220 4212 edd.,·
238 4144 273 4211 cf.
291 4160 319 4197 u.
341 4145 415 4196 4-5
453 4143 487 4195 18
505 4141 575 4195 Eece
596 4142 677 4206 (eici)
697 4139 728 4194 F
784 4156 883 4193 nouam
901 4138 968 4192 milri
987 4137 1175 4208 quaestionem
1193 4135 1246 4189 feci
1264 4134 1292 4187 R

178 4232 314 4303 propuisti
332 4233 360 4285 A
445 4232 480 4285 20
499 4231 624 4301 ampliori
643 4230 670 4283 P
687 4229 844 4299 ampliorem
864 4228 953 4282 MFA
1038 4228 1070 4279 21
1091 4226 1189 4281 facileo
1210 4224 1260 4292 (sic
1269 4226 1291 4289 1)

143 4323 182 4377 sit
198 4322 230 4376 F
245 4322 283 4375 sit
301 4320 381 4375 facile
400 4320 428 4375 R
482 4321 516 4374 25
535 4336 599 4373 uero
617 4318 647 4374 F
663 4334 726 4371 uere
745 4318 772 4370 A
845 4332 895 4385 ego
914 4316 952 4369 M
1022 4315 1124 4377 debito,
1143 4330 1213 4367 corr.
1233 4316 1294 4367 m.1

144 4411 241 4465 dubito
260 4409 288 4464 R
