3092 5217
621 451 648 504 S.
678 451 814 506 Aureli
842 450 1059 520 Augustini

794 641 890 706 XLV.

324 779 480 836 nonnus
499 779 783 834 Guuusnlsslrsss
802 778 1064 835 Druudrlssrlrls
1084 779 1128 834 ET
1146 779 1187 834 IN
1205 779 1358 837 CHRISTO

271 869 537 926 LAUDABILIBUS
555 868 716 924 PAULINO
735 869 781 923 ET
800 867 1002 923 THERASIAE
1016 869 1169 924 ALYPIUS
1188 869 1233 924 ΕΤ
1246 869 1412 926 AUGUSTI·

600 958 624 1012 N
628 959 669 1013 [S
687 957 729 1012 IN
745 957 893 1012 DOMINO
914 955 1091 1012 SALUTEM.

230 1097 245 1160 1
314 1084 523 1169 Nequaquam
551 1105 608 1151 nos
635 1085 742 1152 neseio
771 1105 835 1168 qua
861 1089 969 1150 uestra
996 1086 1144 1163 cessatio,
1169 1104 1232 1168 qua
1261 1103 1335 1150 ecoe
1362 1105 1415 1169 per
1442 1110 1453 1148 a

270 1195 376 1257 totum
408 1193 582 1272 biennium,
614 1212 651 1256 ex
683 1210 745 1275 quo
778 1192 869 1257 nobis
902 1191 1082 1257 dulcissimi
1114 1191 1227 1258 iratres
1258 1192 1415 1258 Romanus

272 1304 305 1364 et
326 1299 431 1385 Agilis
456 1301 495 1364 ad
518 1318 577 1365 uos
602 1303 832 1376 remeauerunt,
856 1299 962 1363 nullas
986 1319 1004 1364 a
1027 1298 1119 1364 uobis
1138 1299 1264 1364 litteras
1282 1299 1417 1381 sumpsi-

271 1425 355 1486 mus,
388 1407 497 1491 pigros
533 1406 571 1470 ad
605 1405 807 1471 scribendum
835 1405 921 1470 feeit.
955 1425 1027 1470 nam
1054 1425 1127 1471 oum
1155 1407 1188 1470 in
1217 1407 1289 1470 aliis
1313 1407 1418 1482 rebus,

273 1517 390 1596 quanto
414 1513 551 1596 quisque
574 1513 712 1596 amplius
731 1512 889 1596 diligitur,¹
906 1516 995 1577 tanto
1015 1512 1139 1597 dignior
1156 1512 1294 1578 imitatio
1314 1513 1419 1577 uidea-

271 1627 334 1699 tur,
362 1621 395 1685 in
422 1621 481 1685 hac
509 1639 543 1684 re
571 1625 680 1685 contra
707 1623 765 1685 est.
799 1637 860 1702 quo
890 1619 973 1684 enim
996 1638 1056 1684 uos
1080 1639 1224 1684 amamus
1248 1621 1420 1697 ardentius,
1439 1646 1460 1684 ro

273 1727 444 1792 eominus
472 1726 614 1804 ferimus,
643 1726 728 1808 quod
754 1725 847 1790 nobis
875 1743 935 1789 non
964 1725 1115 1803 scribitis,
1143 1744 1201 1792 nee
1228 1745 1289 1792 uos
1319 1726 1352 1790 in
1385 1745 1420 1791 eo

272 1833 423 1899 uolumus
437 1831 567 1897 imitari.
586 1851 659 1897 eoos
672 1833 773 1916 igitur
792 1831 969 1897 salutamus
988 1850 1047 1914 uos
1067 1831 1175 1896 sinon
1193 1833 1421 1916 respondentes

274 1940 422 2024 epistulis
447 1939 574 2016 uestris,
598 1959 678 2022 quae
701 1939 807 2003 nullae
832 1937 872 2002 ad
895 1957 952 2003 nos
975 1937 1119 2016 ueniunt,
1140 1939 1254 2004 saltem
1275 1942 1424 2024 expostu-

272 2048 375 2112 lantes
400 2048 432 2110 et
454 2066 515 2111 non
540 2045 648 2111 dolore
670 2045 832 2125 mediocri,
857 2045 1004 2128 quamuis
1027 2045 1163 2111 fortasse
1187 2047 1284 2110 etiam
1307 2047 1424 2110 caritas

273 2157 382 2218 uestra
404 2152 554 2218 similiter
575 2155 793 2236 conqueratur,
818 2153 845 2216 si
870 2152 997 2234 quidem
1021 2151 1137 2217 missas
1161 2151 1290 2218 anobis
1310 2154 1425 2230 nostis,
1444 2177 1467 2217 ιε

275 2279 355 2343 quae
393 2259 432 2324 ad
468 2278 526 2325 nos
563 2279 625 2324 non
663 2263 885 2343 peruenerunt,
923 2258 1141 2340 uicissimque,
1172 2277 1191 2323 a
1219 2259 1313 2324 nobis
1345 2279 1426 2342 quae

274 2367 391 2431 missae
415 2368 513 2444 erant,
538 2385 599 2430 non
622 2370 697 2430 sunt
719 2366 812 2431 uobis
838 2366 938 2431 datae.
963 2365 1048 2447 quod
1072 2365 1100 2430 si
1122 2367 1170 2430 ita
1192 2369 1251 2445 est,
1276 2369 1426 2450 querelas

274 2474 399 2537 nostras
428 2474 652 2537 conuertamus
679 2473 712 2537 in
740 2491 851 2554 preces
875 2471 914 2536 ad
938 2471 1112 2550 dominum,
1135 2491 1174 2537 ne
1197 2475 1286 2537 tanta
1310 2473 1428 2539 solatia

276 2579 410 2663 deneget
432 2578 535 2645 nobis.

231 2695 250 2755 2
320 2684 464 2750 Scribere
487 2689 519 2750 te
547 2685 750 2750 audieramus
778 2685 948 2751 aduersum
976 2704 1128 2770 paganos.
1161 2685 1247 2768 quod
1275 2687 1304 2751 si
1334 2687 1428 2752 abso·
1445 2711 1469 2752 eo

273 2792 380 2856 lutum
394 2796 454 2871 est,
471 2812 675 2875 quaesumus,
690 2813 729 2857 ne
748 2792 874 2857 differas
893 2793 1019 2858 mittere
1035 2811 1091 2876 por
1106 2793 1303 2874 perlatorem
1327 2793 1429 2860 huius

275 2899 440 2982 epistulae.
473 2919 565 2964 carus
596 2899 688 2964 nobis
721 2902 781 2976 est,
814 2899 907 2963 ouius
936 2899 1150 2964 aestimationi
1177 2899 1210 2963 in
1237 2899 1428 2984 regionibus

275 3005 394 3070 nostris
421 3024 594 3087 possumus
621 3025 681 3071 nou
710 3009 829 3070 temere
857 3005 975 3071 bouum
1003 3007 1223 3072 testimonium
1245 3007 1429 3088 perhibere.

274 3115 367 3196 rogat
398 3131 454 3195 per
484 3131 543 3176 nos
576 3111 822 3176 sanctimonium
855 3115 1009 3188 uestrum,
1038 3118 1074 3177 ut
1102 3133 1174 3177 eum
1204 3115 1431 3178 commendare

276 3217 459 3302 dignemini,
484 3237 557 3283 oum
581 3217 697 3299 quibus
722 3217 750 3281 ei
775 3218 938 3302 negotium
962 3221 1012 3282 est
1031 3223 1064 3282 et
1081 3219 1166 3301 apud
1184 3237 1263 3300 quos
1284 3239 1325 3284 ne
1345 3220 1432 3286 bona
1449 3244 1474 3283 as

277 3344 373 3389 eausa
400 3324 468 3388 eius
497 3324 702 3406 opprimatur,
730 3325 833 3388 timet.
862 3324 938 3408 quid
966 3325 997 3389 in
1021 3345 1055 3389 re
1079 3328 1200 3410 agatur,
1224 3327 1432 3392 commodius

275 3431 344 3512 ipse
382 3429 530 3506 narrabit,
568 3429 623 3511 qui
659 3430 755 3493 etiam
794 3431 833 3494 ad
870 3431 1005 3515 singula,
1046 3450 1126 3513 quae
1163 3432 1243 3496 forte
1282 3432 1433 3498 animum

1538 3545 1539 3578 l

542 3620 570 3672 P
596 3647 629 3666 =
648 3621 707 3676 cod.
727 3622 878 3676 Parisinus
896 3627 983 3677 11641
1002 3641 1022 3679 a.
1047 3623 1097 3677 VI.

541 3711 572 3765 E
597 3735 631 3756 =
649 3711 708 3768 cad.
731 3711 981 3768 Cteltentameaeis
1001 3717 1076 3767 2173
1094 3729 1114 3765 a.
1136 3713 1172 3768 X.

363 3799 444 3854 Haeo
461 3800 583 3868 eprietula
601 3817 635 3854 ex
654 3800 713 3853 cod.
732 3801 759 3853 P
772 3803 895 3870 paruam
913 3800 989 3856 edita
1008 3808 1047 3855 ert
1066 3818 1084 3854 a
1102 3801 1255 3855 Maurusio.

311 3908 374 3960 Sin
393 3923 444 3960 om.
465 3908 520 3962 PE
589 3908 778 3963 dimitatioue
797 3926 824 3962 m
903 3909 937 3963 10
954 3925 985 3962 ra
1003 3925 1032 3962 es
1050 3909 1082 3962 ia
1101 3911 1196 3962 oontna
1214 3911 1256 3962 est
1274 3914 1300 3962 et
1320 3909 1384 3963 tius
1404 3910 1436 3964 in
1538 3935 1539 3942 ¹

275 3996 413 4050 ardentius
427 3996 502 4063 solio
521 3997 596 4051 laeso
609 3999 755 4066 perierant
769 3999 797 4051 P
844 3999 875 4054 17
891 3997 1004 4052 emissae
1018 4014 1046 4050 m
1100 3997 1134 4050 18
1147 4013 1197 4050 nec
1211 3997 1241 4050 Ε
1293 3997 1437 4067 2111118-

276 4100 365 4138 somus
384 4085 411 4137 P
499 4087 673 4154 perlatorem,
694 4103 779 4156 suaper
801 4103 855 4140 rem
875 4089 935 4138 nal
954 4085 1020 4139 add.
1040 4088 1087 4139 aut
1105 4085 1133 4138 P
1150 4084 1268 4154 perlator
1286 4089 1388 4141 autern
1410 4089 1441 4142 E
1538 4081 1539 4084 ¹

274 4190 322 4242 per
345 4174 460 4227 latorem
486 4191 527 4240 m,·
551 4175 731 4229 mandabam
755 4191 804 4244 per
829 4174 990 4243 perlatorem
1017 4173 1063 4244 (cf.
1090 4189 1130 4241 ep.
1159 4173 1244 4226 CCII
1267 4174 1303 4238 A,
1333 4179 1355 4228 3
1384 4178 1439 4245 irs.)

275 4263 310 4314 22
330 4262 518 4316 aestimatione
536 4262 593 4316 PE
654 4264 689 4318 23
708 4264 803 4316 timere
822 4263 878 4316 PE
939 4264 974 4317 24
992 4279 1041 4332 per
1059 4279 1110 4319 ona.
1129 4263 1159 4316 E
1223 4263 1258 4317 25
1278 4262 1439 4333 dignimini

276 4349 333 4402 PE
402 4352 445 4403 est
463 4365 515 4405 om.
535 4351 566 4404 E
618 4352 652 4404 27
672 4353 718 4420 qui
737 4351 850 4420 arripai;
868 4350 933 4420 quid
951 4351 1041 4405 PEm
