3092 5217
452 505 719 574 epistularum
745 504 890 559 LXXXIX.
1176 508 1239 573 421

100 718 159 765 rem
199 698 361 782 percitum
401 697 533 764 minimo
572 699 757 782 reprimunt,
800 718 912 765 uerum
954 700 1049 765 ctiam
1092 700 1241 764 honorem

100 810 266 891 martyrum
300 809 465 888 quaemnt,
497 807 590 890 quasi
620 826 695 872 uero
724 806 897 872 Christiani
929 806 1078 871 catholici
1109 806 1242 887 impera·

101 920 178 979 tores
209 912 365 979 aduersus
398 932 507 978 eorum
539 915 827 996 pertinacissimam
854 914 1056 997 iniquitatem
1086 912 1172 977 aliud
1195 932 1242 977 sc-

101 1023 230 1102 quantur
261 1040 356 1102 qnam
384 1019 582 1086 Constantini
614 1021 780 1099 iudicium,
814 1020 899 1103 apud
928 1040 1022 1103 quem
1050 1020 1133 1084 ultro
1166 1018 1241 1084 Cae·

79 1128 198 1192 soiliani
220 1131 420 1191 accusatores
443 1126 582 1204 fuerunt,
606 1127 698 1191 cuius
722 1128 944 1192 auctoritatem
969 1126 1116 1191 omnibus
1140 1130 1240 1190 trans-

100 1234 221 1299 marinis
250 1234 410 1317 opiscopis
436 1235 665 1316 praetulerunt,
693 1238 731 1300 ut
756 1254 818 1300 non
848 1234 887 1299 ad
909 1233 982 1299 illos
1007 1233 1062 1299 sod
1086 1232 1125 1297 ad
1148 1232 1240 1297 illum

101 1340 245 1407 ecclesiae
278 1360 407 1405 oausam
440 1342 606 1419 deferrent,
639 1345 677 1406 ut
709 1342 747 1406 ab
777 1360 813 1407 oo
842 1340 952 1405 iatum
979 1340 1011 1404 in
1040 1339 1117 1404 urbe
1139 1340 1241 1404 Roma
1285 1412 1287 1421 ¹

100 1448 271 1531 episcopale
298 1446 464 1529 iudicium,
492 1447 525 1511 in
554 1466 616 1531 quo
644 1448 781 1530 primurn
810 1446 889 1511 uicti
913 1449 998 1523 suut,
1022 1465 1131 1510 rursus
1156 1446 1240 1529 apud

100 1555 183 1619 illum
213 1557 411 1631 accusarent,
443 1558 482 1618 ut
508 1554 547 1618 ab
575 1556 673 1619 altero
702 1554 741 1618 ad
763 1554 928 1619 arelatum
961 1552 1035 1617 <lato
1068 1552 1240 1636 episcopali

67 1688 86 1726 c
100 1659 208 1725 iudicio
240 1658 281 1723 ad
312 1659 404 1723 illum
437 1659 642 1741 appellarent,
674 1658 759 1741 apurl
791 1677 885 1741 quem
923 1661 1028 1723 tamon
1064 1659 1240 1723 nouissime

100 1767 231 1849 superati
258 1766 291 1830 iu
320 1786 380 1831 sua
406 1766 615 1849 peruersitate
638 1769 832 1831 manserunt.
862 1769 952 1848 puto,
976 1765 1061 1848 quod
1083 1766 1152 1847 ipso
1176 1765 1240 1829 dia-

100 1873 194 1951 bolus,
232 1873 260 1938 si
297 1873 487 1938 auctoritate
522 1871 648 1950 iudicis,
686 1892 782 1954 quem
819 1873 902 1937 ultro
941 1873 1089 1956 elegerat,
1121 1872 1238 1938 totiens

100 1980 280 2057 uinceretur,
316 1998 378 2044 uon
415 1980 503 2043 esset
536 1983 602 2043 tam
639 1978 807 2061 inpudens,
839 1982 876 2043 ut
911 1978 943 2042 in
976 1998 1013 2043 ea
1044 1996 1140 2043 causa
1171 1998 1239 2062 per-

101 2087 227 2151 sisteret.

38 2200 87 2257 is
138 2192 197 2257 Sed
229 2194 309 2257 haec
340 2194 479 2258 humana
512 2192 632 2257 indicia
664 2191 857 2275 deputentur
889 2195 920 2257 et
952 2192 1173 2256 circumueniri
1202 2211 1238 2257 ac

100 2299 159 2362 lulli
183 2300 237 2365 uel
266 2298 364 2364 etiam
391 2300 550 2382 corrumpi
577 2300 722 2382 potuisse
751 2299 906 2364 dicantur.
940 2318 996 2363 cur
1028 2318 1101 2383 ergo
1135 2300 1238 2364 adhue

101 2410 259 2471 accusatur
287 2406 486 2472 Christianus
519 2406 605 2472 orbis
633 2410 786 2470 terrarum
815 2409 848 2469 et
874 2406 979 2471 nescio
1005 2406 1120 2488 quibus
1144 2406 1239 2470 tradi-

100 2516 193 2577 lomur
216 2512 402 2578 criminibus
424 2514 607 2591 infamatur,
630 2513 685 2597 qni
708 2512 819 2594 utique
843 2531 900 2577 neo
923 2513 1030 2596 potuit
1051 2532 1109 2577 nec
1128 2513 1239 2576 debuit

100 2618 153 2683 nisi
173 2619 284 2685 electis
308 2619 469 2685 iudicibus
493 2620 601 2702 potius
626 2638 720 2702 quam
739 2619 835 2683 uictis
854 2618 1070 2703 litigatoribus
1091 2618 1237 2685 credere?

67 2724 206 2793 ababuc
225 2725 313 2810 apud
336 2726 430 2791 deum
454 2726 502 2791 illi
526 2726 649 2791 iudices
674 2744 802 2790 causam
827 2744 916 2790 suam
941 2725 1009 2789 siue
1034 2726 1147 2790 bonum
1167 2725 1236 2789 siue

102 2833 218 2907 malam;
244 2833 320 2914 quid
352 2834 431 2898 fecit
463 2832 597 2898 ecclesia
630 2834 698 2897 toto
731 2832 807 2897 orbe
840 2832 964 2908 diffusa,
990 2851 1069 2913 quae
1101 2852 1162 2897 non
1196 2833 1235 2897 ob

101 2940 177 3004 aliud
206 2942 247 3005 ab
279 2941 353 3005 istis
385 2940 606 3024 rebaptizanda
640 2945 796 3017 censetur,
826 2940 886 3005 nisi
914 2940 988 3023 quia
1014 2940 1045 3003 in
1070 2958 1107 3003 ea
1129 2957 1235 3016 causa,

100 3047 219 3129 inqua,
252 3048 330 3130 quid
357 3048 424 3111 ueri
453 3051 548 3122 esset,
577 3047 718 3111 iudicare
745 3066 807 3113 non
830 3047 946 3129 potuit,
970 3046 1015 3111 eis
1039 3047 1157 3129 potius,
1183 3046 1237 3127 qni

101 3153 226 3219 iudicare
263 3158 446 3238 potuerunt,
485 3174 580 3237 quam
617 3154 674 3228 eis,
711 3154 766 3236 qui
800 3173 857 3218 nec
889 3154 1029 3235 superati
1061 3158 1235 3228 cesserunt,

69 3287 88 3323 s
102 3260 279 3326 credendum
316 3262 464 3343 putauit?
503 3280 520 3325 o
553 3280 705 3345 magnum
742 3260 859 3325 crimen
902 3259 1041 3325 omnium
1083 3260 1235 3343 gentium,

101 3368 220 3446 quasin
246 3369 366 3433 semino
389 3368 533 3433 Abrahae
557 3367 786 3432 benedicendas
810 3366 958 3450 promisit
981 3366 1061 3431 deus
1085 3369 1126 3443 et,
1151 3366 1238 3431 sicut

101 3473 243 3552 promisit,
267 3475 423 3539 exhibuit!
448 3494 529 3557 quae
553 3494 626 3539 cum
650 3494 730 3539 uoce
753 3494 815 3538 una
845 3474 1002 3538 dixerunt:
1036 3471 1149 3552 ‘Quare
1177 3492 1235 3538 uos

102 3579 190 3645 cultis
211 3581 425 3664 rebaptizare‘,
449 3580 657 3664 respondetur
680 3580 740 3645 eis:
766 3578 858 3659 ‘Quia
881 3579 1022 3657 nescitis,
1047 3580 1101 3662 qui
1119 3579 1237 3643 fuerint

178 3771 211 3825 26
229 3770 296 3827 Gen.
316 3771 361 3836 22,
382 3772 414 3826 18

132 3878 301 3947 lperciitum,
317 3886 383 3933 m.2
400 3878 606 3949 perditorumP
659 3879 752 3932 2ueri
767 3877 800 3929 M
855 3877 983 3931 ldatnm
1002 3894 1053 3931 oter.
1072 3877 1100 3932 R
1150 3875 1233 3944 eol]

102 3963 163 4031 apud
178 3965 236 4019 oda.
292 3967 326 4021 10
344 3966 475 4021 iudicium
493 3967 521 4022 R
576 3968 606 4020 ll
627 3968 747 4037 separati
766 3966 884 4022 MFAR
955 3968 1160 4035 permanserunt
1174 3964 1234 4018 edd.

102 4054 130 4107 12
144 4054 253 4110 iuduicis
271 4056 308 4111 Μ
378 4056 499 4128 elegeras
517 4058 546 4113 R
601 4056 838 4113 latueram
894 4057 927 4110 16
945 4056 1062 4125 potuise,
1082 4070 1151 4111 corr.
1170 4058 1235 4109 Μ

102 4143 209 4209 petuisse
221 4146 248 4198 P
263 4147 356 4217 potius
374 4163 412 4208 se,
431 4150 493 4199 m.2
511 4146 633 4217 potuisse
647 4147 674 4199 A
727 4146 760 4200 21
782 4145 929 4201 aecclesiae
942 4145 970 4198 A
1024 4143 1059 4199 22
1073 4147 1196 4198 cessetur
1209 4143 1236 4195 A

132 4233 189 4299 quia
206 4250 255 4288 orrr.
274 4234 340 4287 ΜΡ
355 4236 429 4298 (m.2
447 4234 513 4288 odd.
534 4232 617 4303 quod)
636 4233 692 4289 Aa
746 4236 781 4289 24
800 4234 927 4304 separati,
947 4250 1014 4287 corr.
1034 4236 1095 4285 orl
1113 4230 1235 4303 superati

104 4319 172 4387 laet)
189 4321 223 4375 Μ
273 4325 308 4376 25
326 4324 426 4376 crimen
446 4323 466 4376 li
485 4339 519 4377 cc
536 4323 604 4394 ras.)
624 4326 649 4375 A
704 4325 738 4378 27
758 4340 813 4377 una
831 4339 896 4377 uoce
916 4322 975 4377 edd.
1050 4322 1167 4375 dixerint
1181 4320 1235 4374 Fa

104 4407 154 4462 roo.
203 4410 236 4463 28
253 4410 392 4480 baptizare
411 4413 438 4463 A
509 4410 621 4465 fuerunt
638 4411 676 4464 M
