3092 5217
1531 14 1534 88 Ι

261 493 324 556 108
618 487 644 540 S.
675 485 812 539 Aureli
840 484 1058 554 Augustini
1529 245 1534 602 1

214 682 257 744 26
303 682 443 747 Tandem
479 681 627 758 sentiant
665 679 751 762 quod
787 680 942 752 fecerunt
915 679 1093 744 tmerito
1132 682 1216 744 certo
1254 696 1400 743 annorum

257 789 453 854 interuallo'
444 809 476 852 m
496 788 607 852 oculos
626 805 734 851 eorum
753 785 881 850 renolnt
868 789 936 850 tum
961 789 1011 850 est
1034 805 1113 869 opus
1136 786 1289 868 ipsorum.
1313 803 1401 868 quae

257 897 328 973 rit‚e
356 914 413 978 per
439 913 535 976 quam
559 893 708 957 feminam
732 892 954 968 Maximianus,
978 891 1032 974 qui
1056 891 1172 956 dicitnr
1195 910 1265 956 csse
1289 892 1401 957 Donati
1533 899 1534 922 ¹

257 1002 463 1085 propinquus,
488 1019 559 1066 sese
584 1019 602 1063 a
624 999 776 1065 Primiani
801 998 1022 1064 communione
1045 998 1233 1081 praeciderit
1255 1002 1288 1062 et
1311 1017 1402 1081 qoem
1532 931 1534 1072 1

257 1107 297 1172 ad
324 1107 454 1174 modum
479 1110 671 1192 congregata
693 1105 915 1188 episcoporum
938 1105 1077 1170 factione
1099 1105 1295 1170 Primianum
1319 1105 1401 1170 dam-
1431 1128 1440 1165 s
1533 1181 1534 1188 1

256 1215 339 1280 narit
375 1214 539 1280 absentem
576 1217 609 1278 et
645 1213 799 1278 aduersus
837 1231 909 1276 oum
947 1212 1117 1295 episcopus
1155 1212 1318 1276 ordinatus
1351 1211 1401 1288 sit,

256 1339 350 1403 quom
378 1321 417 1386 ad
444 1321 575 1386 modum
603 1320 780 1384 Maiorinus
808 1337 864 1400 per
890 1318 1044 1383 Lucillam
1070 1321 1261 1403 congregata
1284 1318 1402 1401 episco-

254 1447 366 1512 pomm
390 1429 527 1494 factione
551 1426 765 1493 Caecilianum
789 1425 953 1490 damnauit
971 1425 1133 1490 absentem
1152 1429 1185 1490 ot
1202 1429 1311 1490 contra
1331 1445 1401 1490 eum

254 1536 425 1619 episcopus
454 1535 618 1600 ordinatus
646 1538 705 1598 eat.
734 1552 773 1596 an
802 1533 893 1608 forte,
922 1531 1007 1613 quod
1035 1549 1053 1594 a
1080 1531 1194 1596 ceteris
1217 1531 1303 1596 Afris
1328 1551 1401 1596 suae

255 1643 487 1706 communionis
511 1639 670 1724 episcopis
694 1642 804 1704 contra
826 1638 994 1704 factionem
1018 1638 1201 1703 Maximiani
1225 1637 1401 1704 Primianus
1420 1667 1441 1705 ro

253 1752 409 1832 purgatus
438 1752 497 1825 est,
526 1749 633 1812 ualere
661 1747 762 1812 uultis
791 1748 833 1823 et,
862 1745 946 1828 quod
975 1763 993 1808 a
1019 1744 1245 1810 transmarinis·
1269 1745 1402 1812 unitatis

253 1853 411 1936 episcopia
444 1853 599 1918 aduersus
630 1852 802 1918 factionem
833 1851 982 1917 Maiorini
1014 1850 1210 1920 Caecilianus
1247 1856 1401 1936 purgatus

253 1963 313 2037 est,
334 1960 438 2024 ualere
457 1978 518 2023 noo
538 1959 662 2024 uultis?
685 1978 773 2043 rogo,
797 1959 911 2023 iratres
934 1957 1008 2035 mei,
1032 1957 1109 2041 quid
1132 1977 1282 2041 magnum
1307 1961 1401 2041 peto?

252 2067 327 2149 quid
353 2066 482 2131 difficile
504 2086 523 2130 a
545 2065 638 2130 uobis
662 2064 807 2150 intellegi
831 2066 946 2148 cupio?
965 2067 1102 2130 multum
1121 2065 1250 2147 quidem
1269 2065 1402 2131 interest

251 2176 285 2237 et
306 2171 593 2254 incomparabiliter
616 2171 716 2238 distat
737 2173 792 2237 uel
815 2171 1004 2238 auctoritato
1027 2171 1083 2235 uel
1104 2190 1233 2236 numero
1252 2172 1400 2238 Africana
1418 2195 1440 2234 rs

251 2278 395 2358 ecclesia,
429 2279 457 2343 ai
490 2297 564 2343 cum
596 2279 710 2344 ceteris
742 2279 829 2344 orbis
857 2279 1000 2362 partibus
1030 2278 1217 2356 conferatur,
1246 2282 1278 2343 et
1304 2279 1399 2365 longe

252 2385 354 2451 minor
380 2389 439 2461 est,
464 2387 559 2451 etiam
583 2387 610 2451 si
633 2386 739 2450 unitas
764 2386 817 2452 bic
840 2389 934 2459 esset,
957 2385 1051 2470 longe
1075 2386 1201 2450 omnino
1225 2385 1329 2450 minor
1352 2392 1400 2452 ost

251 2495 432 2572 comparata
463 2493 576 2557 ceteris
602 2493 791 2558 Christianis
824 2492 971 2558 omnibns
1005 2492 1154 2577 gentibus
1192 2511 1288 2574 quam
1326 2511 1398 2574 pars

250 2595 433 2663 Maximiani
466 2604 647 2683 comparata
673 2600 757 2682 parti
785 2599 947 2665 Primiani.
980 2603 1054 2681 peto
1081 2604 1188 2664 tamen
1217 2603 1248 2664 ot
1276 2600 1399 2664 iustum

250 2721 321 2768 esse
348 2706 491 2782 arbitror,
519 2709 557 2771 ut
583 2710 708 2770 tantum
733 2707 839 2770 ualeat
862 2706 1031 2772 concilium
1056 2706 1192 2772 Secundi
1216 2706 1398 2790 tigisitani,
1416 2727 1440 2770 ao

250 2811 336 2894 qnod
360 2812 481 2877 Lucilla
504 2814 655 2879 conflauit
676 2815 831 2879 aduersus
855 2813 1017 2878 absentem
1039 2813 1252 2878 Caecilianum
1273 2817 1306 2878 et
1325 2833 1397 2896 apo-

250 2919 380 2982 stolicas
417 2919 508 2984 sedes
544 2924 712 3002 totumque
749 2921 856 2986 orbem
890 2920 1068 2986 Caeciliano
1101 2920 1398 2994 communicantem,

248 3029 401 3106 quantum
438 3027 526 3090 ualet
561 3027 730 3092 concilium
772 3027 1079 3104 Maximianensinm
1122 3026 1206 3110 quod
1249 3027 1399 3091 similiter

247 3131 366 3196 femina
397 3133 504 3198 nescio
536 3152 616 3215 qnae
648 3134 800 3200 conflauit
826 3134 981 3199 aduersus
1009 3135 1172 3199 absentem
1198 3132 1398 3198 Primiannm

249 3241 281 3301 et
309 3241 445 3302 ceteram
473 3258 529 3323 per
550 3240 689 3304 Africam
715 3241 955 3306 multitudinem
980 3240 1136 3306 Primiano
1161 3239 1397 3306 communican—
1415 3265 1440 3306 aa

249 3347 323 3408 tem.
348 3344 425 3427 quid
447 3346 588 3428 apertius
612 3348 770 3411 comitur?
795 3347 870 3430 qnid
894 3347 1026 3429 aequius
1050 3347 1252 3430 postulatur?

203 3451 245 3513 27
292 3450 417 3516 Videtis
445 3453 522 3519 baec
551 3454 656 3518 omnia
684 3457 716 3519 et
742 3455 845 3520 nostis
874 3459 906 3518 et
932 3453 1076 3538 gemitia3
1105 3456 1138 3518 et
1165 3457 1269 3516 tamen
1305 3451 1399 3516 uidet

248 3560 280 3620 et
308 3557 396 3634 dens,
425 3561 510 3642 qnod
537 3580 595 3626 uos
623 3561 654 3626 in
682 3565 748 3626 tam
776 3561 927 3644 pestifera
954 3565 986 3625 et
1014 3561 1167 3645 sacrilega
1199 3559 1396 3642 praecisione

246 3665 411 3730 uallares
439 3667 527 3751 cogit
551 3686 722 3745 remanere,
751 3669 780 3733 si
808 3687 863 3752 pro
892 3668 1095 3753 adipiscendo
1128 3667 1264 3752 spiritali
1297 3685 1396 3750 regno

284 3851 442 3904 lcerteM
458 3855 534 3916 (m
552 3852 733 3918 certotFac
767 3853 955 3908 doceniisdi
992 3855 1227 3925 dpropinquisA
1265 3855 1396 3926 adamp-

244 3940 352 3992 nanerit
369 3938 397 3992 R
416 3938 557 3994 damnaret
573 3942 601 3993 A
668 3943 684 3995 9
703 3943 899 3996 communionis
919 3959 983 3997 anae
1002 3945 1029 3998 A
1085 3945 1118 3998 10
1136 3945 1289 4000 maximiam
1312 3953 1395 4009 (corr.

246 4027 413 4092 maximiani)
437 4030 575 4098 primanus
601 4032 682 4097 (corr.
707 4035 767 4086 m.1
793 4032 951 4100 primianus)
976 4033 1011 4086 Μ
1037 4033 1162 4102 primiani
1189 4034 1339 4104 primianus
1367 4037 1396 4088 A

248 4117 277 4169 11
298 4116 414 4170 unitatis
431 4117 463 4170 in
476 4117 537 4185 fiae
553 4135 581 4174 u.
601 4119 699 4173 om.P
754 4120 786 4172 19
806 4121 1099 4189 memmium-(faita)
1119 4121 1149 4175 F
1207 4125 1283 4193 parte
1303 4123 1397 4178 MFP

244 4205 321 4272 (m.2
338 4206 420 4274 partit
439 4205 466 4260 R
534 4208 569 4261 20
587 4208 729 4262 consilium
746 4209 773 4262 A
847 4210 962 4264 Secundi
982 4227 1034 4265 om.
1053 4211 1089 4264 M
1157 4213 1301 4282 tigisitam.
1320 4229 1394 4266 corr.

244 4294 379 4363 tigisitani
398 4295 434 4346 M
450 4295 575 4363 tigistnni
593 4297 621 4348 A
674 4297 708 4350 21
728 4299 906 4366 apostolicam
925 4299 1015 4354 sedem
1035 4301 1062 4354 P
1079 4301 1139 4356 edd.
1201 4302 1236 4355 24
1256 4317 1310 4370 qua
1328 4300 1398 4354 ΜΕ

244 4384 278 4436 27
297 4382 376 4447 uidit,
396 4400 465 4440 corr.
485 4384 562 4438 uidet
579 4386 607 4438 P
659 4386 694 4440 28
713 4387 773 4455 uos]
795 4391 823 4441 et
841 4405 890 4442 uos
908 4388 936 4442 P
