3092 5217
513 496 776 565 epistularum
805 497 883 554 CXX.
1211 509 1275 572 713

127 687 184 750 sed
211 685 290 752 haec
316 686 489 752 inuisibilia
517 689 655 773 simplici
678 693 795 758 mentis
819 696 915 776 atque
942 697 1073 762 rationis
1101 698 1274 763 intentione

126 793 290 858 intellecta
310 794 523 876 conspicimus
551 796 618 860 sine
649 797 722 862 ullis
750 799 860 865 formis
887 804 919 866 et
945 803 1084 867 molibus
1110 806 1274 888 corporali-

126 900 198 978 bus,
223 900 290 965 sine
314 901 391 965 ullis
417 901 612 968 liniamentis
640 903 815 988 figurisque
844 909 1069 988 membrorum,
1099 911 1165 975 sine
1198 911 1274 975 ullis

125 1005 284 1071 localibus
312 1009 380 1071 siue
412 1007 528 1072 finibus
558 1009 626 1074 siue
654 1012 767 1092 spatiis
791 1012 934 1078 infinitis.
962 1013 1133 1098 ipsumque
1156 1018 1274 1094 lumen,

99 1132 189 1194 aquo
222 1115 336 1177 cuncta
371 1114 436 1177 ieta
467 1114 688 1194 discernimus,
726 1117 757 1181 in
792 1138 853 1201 quo
892 1119 983 1185 uobis
1022 1123 1101 1186 satis
1134 1127 1273 1206 apparet,

126 1219 204 1301 quid
237 1219 401 1284 credamus
432 1221 643 1306 incognitum,
672 1223 749 1305 quid
777 1225 941 1308 cognitum
974 1229 1149 1308 teneamus,
1180 1249 1273 1313 quam

125 1327 261 1390 formam
281 1327 420 1408 corporis
443 1329 654 1405 recordemur,
680 1350 773 1413 quam
794 1333 984 1416 cogitatione
1008 1333 1174 1418 fingamus,
1200 1337 1275 1420 quid

126 1433 268 1516 corporis
288 1453 400 1499 sensus
414 1433 568 1518 adtingat,
584 1436 660 1518 quid
673 1437 866 1521 imaginetur
879 1439 1002 1504 animus
1023 1441 1128 1506 simile
1143 1443 1275 1524 corpori,

126 1539 204 1624 quid
224 1544 345 1604 certum
370 1542 403 1604 et
425 1541 566 1606 omnium
590 1562 756 1625 corporum
781 1544 1033 1612 dissimillimum
1057 1549 1276 1634 intellegentia

83 1669 108 1706 ιο
127 1648 370 1729 contempletur,
399 1647 459 1713 boc
483 1668 558 1733 ergo
581 1649 700 1728 lumen,
730 1651 786 1714 ubi
814 1651 892 1717 haec
916 1657 1030 1718 cuncta
1053 1655 1275 1732 diiudicentur,

125 1773 188 1818 nou
220 1755 331 1837 utique
364 1754 449 1820 sicut
479 1755 575 1819 buius
608 1755 685 1821 solis
718 1761 750 1820 et
783 1758 936 1840 cuiusque
970 1762 1111 1842 corporei
1143 1761 1274 1826 luminis

124 1861 234 1944 fulgor
264 1880 319 1942 per
350 1861 465 1926 localia
497 1863 599 1945 spatia
632 1863 876 1946 circumquaque
905 1865 1091 1932 diffunditur
1123 1872 1276 1932 mentern-

126 1986 188 2049 que
211 1971 351 2031 nostram
371 1968 463 2050 quasi
485 1969 607 2032 uisibili
628 1970 761 2034 candore
782 1971 968 2050 conlustrat,
993 1974 1049 2038 sed
1071 1974 1277 2038 inuisibiliter

125 2077 159 2138 et
190 2073 392 2138 ineffabiliter
423 2076 455 2137 et
487 2076 592 2137 tamen
625 2075 877 2160 intellegibiliter
908 2078 995 2143 lucet
1022 2082 1151 2163 tamque
1183 2081 1293 2146 uobis·

82 2184 334 2258 150111111111681,
362 2200 457 2262 quam
485 2182 576 2246 uobis
605 2183 711 2247 effecit
734 2186 829 2262 certe,
859 2205 938 2267 quae
968 2187 1142 2252 secuudum
1169 2189 1273 2270 ipsum

126 2292 242 2353 cuncta
264 2288 488 2369 conspicimus.

46 2391 79 2453 11
172 2393 252 2460 Cum
284 2394 384 2478 igitur
411 2395 472 2458 tria
499 2396 562 2459 sint
589 2414 694 2460 rernm
723 2416 846 2479 genera,
877 2417 957 2481 quae
986 2399 1143 2477 uidentur,
1177 2419 1275 2464 unum

126 2502 349 2585 corporalium,
382 2503 467 2566 sicut
499 2504 574 2567 sunt
601 2503 725 2566 caelum
754 2506 786 2567 et
813 2507 897 2568 terra
924 2507 957 2568 et
985 2505 1135 2588 quicquid
1168 2505 1198 2569 in
1229 2506 1274 2570 eis

125 2627 297 2690 corporeus
321 2627 435 2672 sensus
455 2608 555 2672 cernit
573 2611 605 2672 et
626 2609 739 2694 tangit,
763 2611 898 2674 alterum
923 2609 1026 2674 simile
1050 2610 1275 2692 corporalibus,

82 2741 107 2779 ro
126 2715 214 2779 sicut
237 2716 313 2779 sunt
331 2734 378 2792 ea,
399 2733 478 2795 quae
497 2715 611 2796 spiritu
631 2716 771 2800 cogitata
794 2715 1005 2799 imaginamur
1027 2716 1095 2780 siue
1113 2717 1278 2782 recordata

125 2822 180 2886 uel
200 2821 307 2886 oblata
326 2821 418 2903 quasi
436 2840 568 2904 corpora
586 2825 781 2900 contuemur,
806 2823 889 2886 uude
914 2826 989 2886 sunt
1009 2822 1104 2887 etiam
1123 2822 1275 2900 uisiones,

126 2948 209 3010 quae
238 2929 291 2992 uel
317 2928 350 2992 in
377 2927 497 2993 somnis
526 2928 579 2992 nel
606 2928 638 2992 in
667 2929 774 3010 aliquo
803 2929 918 2992 mentis
948 2948 1079 2993 excessu
1107 2929 1157 2994 his
1186 2930 1276 3012 quasi

124 3035 284 3099 localibus
309 3034 541 3116 quantitatibus
564 3034 759 3119 ingeruntur,
788 3034 917 3099 tertium
941 3036 979 3100 ab
1003 3038 1138 3117 utroque
1162 3036 1276 3100 discre-

127 3145 208 3215 tum,
229 3141 314 3223 quod
332 3160 434 3224 neque
454 3141 497 3205 sit
516 3159 630 3223 corpus
654 3160 755 3223 neque
778 3141 894 3207 babeat
912 3142 1011 3206 ullam
1035 3141 1275 3206 similitudinem

166 3335 178 3386 l
199 3333 351 3388 intentione
370 3349 430 3395 orn,
448 3349 470 3386 a.
489 3349 516 3385 a.
537 3332 602 3389 add.
617 3333 645 3387 P
680 3334 696 3384 2
716 3332 832 3387 modulis
851 3333 976 3402 Eugippi
994 3333 1051 3388 cod.
1073 3332 1135 3388 l’at.
1173 3333 1275 3402 tsine]

127 3424 187 3476 sine
200 3423 236 3489 0,·
245 3439 296 3476 om.
308 3421 368 3477 edd.
378 3427 491 3490 practer
500 3437 527 3474 m
576 3421 686 3491 finibus]
701 3422 787 3475 finitis
797 3438 823 3475 m
873 3422 942 3490 siue]
956 3422 1014 3474 sine
1028 3421 1120 3474 Oedd.
1127 3427 1242 3489 praeter
1251 3439 1275 3474 or

128 3513 144 3564 7
159 3511 287 3580 corporis,
299 3527 388 3580 supra
401 3508 508 3580 (m.1?)
524 3527 605 3563 sensu
616 3511 696 3579 capno
710 3511 783 3564 inter
796 3509 908 3563 formam
923 3515 948 3564 et
963 3510 1081 3578 corporis
1095 3509 1237 3563 interiecto
1255 3511 1277 3564 0

164 3600 343 3669 cogitatione]
364 3599 560 3668 cogitationem
579 3599 697 3668 corporis
716 3598 809 3652 ΡΤΤ1
900 3599 1101 3668 8inraginatur
1118 3599 1146 3651 Β
1218 3613 1276 3652 cor·

126 3688 201 3758 pori*
216 3693 240 3753 (s
258 3691 340 3754 arae.)
357 3689 385 3741 B
448 3687 657 3740 9dissimilium
679 3687 714 3740 Τ1
786 3687 977 3756 intellegentie
995 3703 1047 3741 om.
1070 3686 1105 3740 T*
1172 3688 1203 3740 12
1223 3686 1276 3739 inl·

127 3793 194 3845 gore
213 3776 338 3845 Eupa'pps'
355 3775 413 3830 cod.
438 3775 500 3830 Vnt.
581 3775 615 3830 13
634 3775 791 3836 conlustrat,
810 3779 876 3828 m.2
893 3775 1015 3829 illustrat
1032 3776 1059 3829 Β
1076 3775 1199 3828 illustrat
1216 3775 1276 3828 cdd.

122 3869 267 3934 praetera
317 3866 350 3917 14
367 3865 555 3934 intelligenter
571 3863 688 3918 OPTT¹
758 3864 879 3934 tamque]
898 3868 1029 3932 tanquam
1052 3863 1114 3917 ΤΤ1
1186 3864 1275 3931 nobis]

127 3954 219 4008 uerbis
240 3953 354 4008 OPTT¹
410 3952 629 4009 1511111011
652 3953 712 4009 cdd.
732 3953 856 4022 Eugippc'
874 3953 932 4007 cod.
956 3953 1020 4007 Vat.
1041 3952 1132 4006 efficat
1149 3952 1276 4021 Eugippc'

127 4044 189 4097 cod.
207 4043 303 4097 Amor.
377 4044 408 4096 17
429 4043 497 4112 sint]
517 4051 530 4096 s
548 4042 575 4095 B
665 4059 752 4095 rerum
772 4059 824 4096 om.
846 4041 935 4097 OTT¹
1013 4041 1046 4095 18
1065 4041 1139 4109 suut]
1160 4039 1277 4093 huncB

127 4131 255 4201 Eugippi
276 4131 335 4185 cod.
358 4131 453 4184 Paria.
476 4135 569 4185 11642
591 4136 617 4184 et
644 4130 755 4184 Vercell.
778 4131 830 4184 lroc
855 4129 971 4184 ΟΡΤΤ1
994 4129 1055 4183 edd.
1074 4129 1199 4197 Eugippc'
1218 4128 1275 4183 cod.

132 4221 197 4274 Vct.
217 4226 242 4274 et
260 4220 373 4286 Ambr.,·
390 4220 493 4274 conieci
512 4224 575 4272 sunt
628 4219 711 4288 terra]
731 4219 799 4273 haec
813 4221 885 4272 terra
899 4218 959 4272 edd.
975 4224 1088 4287 praeter
1103 4234 1144 4271 ac
1180 4217 1276 4270 2101)-

128 4309 180 4364 lita
201 4308 355 4364 0PYT¹m
423 4325 552 4377 corporea
572 4313 597 4369 (e
616 4306 734 4376 cxp)O
789 4309 824 4361 22
844 4324 953 4361 excessu
972 4305 1118 4360 ruentisO
1180 4305 1233 4358 hiis
1255 4305 1278 4360 (l

130 4401 164 4453 24
183 4397 267 4452 ullam
285 4396 386 4450 habeat
404 4396 464 4450 edd.
481 4403 592 4464 practer
612 4414 653 4449 ae
