3092 5217
257 497 301 558 90
614 491 640 544 S.
669 492 807 548 Aureli
834 494 1053 562 Augustini

258 690 422 754 confessos
456 689 513 755 deo
549 690 721 768 dimiserat,
756 691 919 756 damnaret
947 691 1077 756 crimine
1105 691 1296 764 traditionis,
1325 710 1399 773 quos

258 795 405 860 absentes
429 796 513 879 apud
537 815 610 860 eum
633 817 725 862 nemo
746 798 939 864 conuicerat.
962 801 1049 863 tanto
1069 799 1172 882 magis
1192 799 1275 863 enim
1294 799 1400 862 timere

258 901 379 980 debuit,
416 922 455 966 ne
493 923 552 987 pax
589 906 721 970 unitatis
758 907 943 982 uiolaretur,
981 911 1097 988 quanto
1140 910 1207 970 erat
1249 905 1399 988 Carthago

259 1011 376 1074 ciuitas
406 1012 512 1096 ampla
534 1017 566 1075 et
588 1011 746 1090 inlustris,
770 1014 853 1077 unde
878 1031 912 1078 se
935 1032 991 1096 per
1014 1016 1118 1077 totum
1143 1012 1268 1078 Africae
1293 1031 1400 1094 corpus

258 1118 390 1194 malum,
414 1119 498 1201 qnod
520 1119 566 1183 ibi
585 1124 672 1184 esset
691 1123 844 1196 exortum,
864 1123 1026 1202 tamquam
1046 1137 1064 1182 a
1083 1119 1202 1184 uertice
1222 1118 1399 1182 effunderet.
1427 1139 1439 1180 a

259 1231 328 1291 erat
351 1227 447 1291 etiam
470 1227 689 1292 transmarinis
712 1228 818 1292 uicina
840 1228 1024 1311 regionibus
1047 1230 1080 1291 et
1104 1227 1186 1291 lama
1205 1226 1402 1290 celeberrima

259 1333 387 1400 nobilis.
415 1333 498 1398 unde
527 1353 588 1398 non
615 1334 782 1399 mediocris
812 1335 922 1416 ntique
951 1334 1152 1399 auctoritatis
1180 1332 1318 1396 babebat
1344 1333 1402 1414 epi·

260 1460 404 1523 scopum,
438 1441 493 1522 qui
524 1444 634 1523 posset
665 1460 725 1504 non
758 1459 865 1504 curare
899 1441 1131 1523 conspirantem
1164 1439 1403 1504 multitudinem

260 1547 471 1624 inimicorum,
505 1567 577 1611 cum
611 1567 645 1611 se
676 1546 802 1611 uideret
834 1552 866 1610 et
897 1547 1056 1611 Romanae
1089 1546 1252 1622 ecclesiae,
1283 1545 1314 1609 in
1349 1565 1405 1628 qua

261 1673 387 1736 semper
424 1654 618 1735 apostolieae
658 1655 824 1719 cathedrae
856 1653 961 1737 uiguit
993 1653 1199 1737 principatus,
1231 1657 1263 1716 et
1295 1653 1404 1717 ceteris
1424 1675 1447 1712 ιο

260 1762 366 1838 tanis,
390 1759 473 1824 unde
498 1761 699 1845 euangelium
724 1760 763 1826 ad
787 1761 889 1844 ipsam
912 1761 1051 1826 Africam
1076 1761 1175 1838 uenit,
1195 1779 1251 1842 per
1270 1777 1407 1824 commn-

261 1867 430 1932 nicaton'as
452 1868 577 1933 litteras
601 1888 672 1933 esse
696 1869 911 1944 coniunctum,
935 1868 991 1933 ubi
1010 1871 1155 1951 paratum
1175 1869 1262 1932 esset
1280 1884 1407 1930 causam

261 1993 352 2038 suam
381 1974 494 2049 dicere,
524 1975 552 2038 si
579 1974 752 2039 aduersarii
782 1975 850 2040 eius
879 1974 916 2038 ab
941 1994 978 2038 eo
1001 1972 1073 2038 illas
1099 1974 1250 2038 ecclesias
1274 1972 1408 2036 alienare

262 2083 456 2145 conarentur.
486 2082 560 2163 qnia
583 2101 657 2163 ergo
681 2082 789 2145 uenire
813 2081 916 2145 noluit
939 2081 977 2146 ad
1002 2081 1178 2163 hospitium
1201 2063 1406 2163 collegarum,

262 2207 342 2270 quos
367 2207 386 2251 a
409 2189 476 2252 suis
499 2188 637 2252 inimicis
662 2192 772 2253 contra
800 2189 968 2252 ueritatem
997 2207 1072 2252 suae
1101 2207 1215 2252 causae
1243 2205 1409 2270 peruersos
1428 2206 1451 2245 a

263 2313 334 2358 esse
363 2295 521 2358 sentiebat
547 2295 600 2360 uel
629 2295 852 2377 suspicabatur
880 2297 943 2378 nel,
972 2299 1009 2359 ut
1035 2294 1098 2378 ipsi
1123 2291 1282 2369 adserunt,
1313 2294 1411 2357 simn-

261 2400 359 2478 labat,
396 2404 485 2465 tanto
523 2402 626 2486 magis
665 2402 840 2478 Secundus,
878 2404 906 2467 si
945 2421 1037 2466 uerae
1073 2401 1161 2483 pacis
1198 2404 1307 2466 custos
1340 2419 1411 2464 esse

263 2507 432 2585 uoluisset,
458 2527 569 2573 cauere
594 2509 714 2586 debuit,
738 2530 776 2574 ne
801 2510 1024 2573 damnarentur
1042 2509 1198 2588 absentes,
1221 2506 1274 2589 qui
1293 2506 1411 2570 iudicio

264 2634 371 2680 eorum
397 2617 522 2680 omnino
546 2616 702 2682 interesse
726 2617 905 2681 noluerunt.
931 2634 1031 2697 neque
1056 2615 1140 2679 enim
1160 2614 1198 2678 de
1218 2613 1414 2696 presbyteris

266 2724 323 2786 aut
359 2721 500 2803 diaconis
533 2725 589 2786 aut
619 2721 778 2786 inferioris
812 2721 929 2786 ordinis
963 2721 1085 2786 clericis
1120 2720 1176 2784 sed
1209 2719 1246 2784 de
1279 2719 1458 2802 collegisse

264 2828 428 2910 agebatur,
457 2829 512 2912 qui
539 2833 669 2912 possent
698 2829 832 2894 aliorum
861 2828 1056 2912 collegarum
1084 2827 1203 2892 iudicio
1227 2826 1416 2908 praesertim

265 2935 510 3015 apostolicarum
544 2936 750 3000 ecelesiarum
780 2953 909 3000 sarisam
939 2954 1030 2999 suam
1056 2935 1212 3018 integram
1239 2949 1415 3008 reseruare,

264 3041 319 3104 ubi
357 3045 466 3105 contra
503 3061 557 3107 eos
595 3044 769 3108 sententiae
807 3041 909 3107 diotae
946 3042 977 3106 in
1015 3040 1161 3105 absentes
1193 3039 1281 3104 nullo
1315 3037 1415 3103 modo

265 3147 385 3228 aliquid
414 3151 567 3224 ualerent,
597 3150 719 3231 quando
748 3169 857 3215 eorum
883 3148 1039 3212 iudicium
1068 3167 1128 3212 non
1157 3147 1258 3229 primo
1293 3145 1418 3209 aditum

265 3259 378 3336 postea
400 3255 617 3332 deseruerunt,
641 3255 698 3320 sed
721 3260 906 3337 suspectum
931 3273 1053 3337 semper
1076 3254 1221 3318 habiturn
1240 3269 1419 3333 numquam
1437 3273 1462 3313 ιο

268 3360 353 3424 adire
377 3362 558 3426 uoluemnt.

224 3462 245 3526 8
312 3469 402 3532 Haec
429 3487 478 3532 res
506 3468 640 3532 maxime
674 3467 847 3532 sollicitare
883 3467 993 3532 debuit
1025 3466 1217 3543 Secundum,
1250 3463 1305 3546 qui
1338 3469 1420 3530 tune

267 3579 335 3639 erat
361 3574 489 3657 primae,
519 3575 546 3638 si
574 3579 740 3659 propterea
768 3575 939 3639 concilium
966 3574 1106 3658 regebat,
1136 3575 1172 3636 ut
1198 3571 1268 3655 paci
1302 3590 1421 3636 consu-

266 3682 360 3756 leret3
381 3681 474 3746 facile
498 3682 580 3746 enim
600 3682 744 3747 fortassis
767 3681 876 3746 rabida
898 3682 930 3745 in
954 3681 1117 3745 absentem
1141 3698 1195 3744 ora
1217 3679 1346 3761 placata
1366 3681 1422 3742 uel

267 3961 269 3966 ’
307 3959 496 4014 ldamnareA
533 3960 732 4015 irnediorisF
783 3956 1424 4027 habeatcorr.(ra.1?)lrabebatll1babetrl

269 4051 286 4104 8
310 4050 517 4119 conspirantem,
541 4050 590 4104 sed
611 4054 685 4103 ntem
708 4052 740 4104 in
761 4067 817 4106 rue.
843 4049 998 4117 (m.1?)F
1087 4049 1118 4101 12
1143 4051 1252 4116 paratus
1276 4046 1334 4099 ΑΡ
1359 4047 1422 4101 cdd.
1533 4085 1534 4120 ἦ

272 4140 305 4192 15
323 4153 464 4207 peruersas
484 4140 510 4190 A
576 4139 607 4193 16
625 4138 671 4191 uel
689 4139 731 4208 ut]
752 4139 829 4192 uelut
847 4141 874 4193 A
937 4139 969 4192 21
991 4138 1142 4206 agebantur
1160 4137 1188 4206 (n
1207 4151 1266 4204 esp.
1285 4150 1321 4187 m.
1334 4139 1367 4199 2)
1389 4135 1428 4188 M
1533 4163 1534 4166 =

270 4229 304 4282 23
320 4227 424 4291 absent,
443 4229 508 4281 sn.2
526 4227 653 4280 absentes
672 4227 699 4280 P
755 4227 854 4280 nlloA
899 4225 1057 4288 aliuditio,
1077 4223 1427 4278 corr.m.1inditiumM

306 4333 360 4370 non
379 4333 432 4372 om.
453 4321 476 4368 A
541 4317 575 4370 25
595 4315 707 4380 abitum,
726 4319 792 4370 m.2
809 4315 933 4370 habitum
951 4314 979 4367 P
1045 4313 1079 4369 28
1097 4313 1199 4383 primus
1218 4312 1296 4368 codd.
1317 4313 1425 4382 primas

271 4405 332 4460 edd.
387 4406 421 4459 29
441 4405 567 4459 absentes
585 4403 679 4472 flrm
1358 4403 1360 4406 '
