3092 5217
263 398 305 459 56
620 392 647 445 S.
675 392 812 447 Aureli
840 391 1059 462 Augustini

263 590 474 654 iustorum.
495 589 528 652 hi
549 592 633 666 sunt,
653 590 717 672 qui,
738 590 861 670 quando
881 589 1081 664 manducant,
1101 608 1161 653 non
1181 588 1406 652 manducantes

264 716 322 761 nou
348 700 510 777 spernunt,
536 695 659 777 quando
683 713 745 759 non
769 696 969 773 manducant,
993 695 1220 760 manducantes
1241 714 1304 759 non
1328 694 1405 758 iudi·

264 806 344 880 cant,
371 802 426 865 sed
451 821 504 866 eos
529 800 631 885 plane,
657 803 710 884 qui
733 821 789 884 per
812 802 1015 867 offensionem
1040 822 1100 867 non
1123 801 1318 867 manducant
1340 802 1406 867 siue
1515 791 1516 804 ¹

264 908 464 983 manducant,
489 908 542 973 uel
566 912 719 990 spernunt
742 909 796 973 uel
819 909 971 974 iudicant.

128 1012 191 1080 XII
205 1014 246 1077 27
310 1016 350 1079 llt
373 1014 411 1079 de
431 1014 481 1078 die
501 1014 628 1097 quidem
648 1015 772 1079 sabbati
791 1016 913 1080 facilior
931 1020 1106 1094 causaest,
1126 1016 1200 1097 quia
1218 1019 1251 1081 ct
1268 1016 1410 1079 Romana
1435 1036 1449 1072 a
1515 1025 1516 1036 ¹

262 1120 382 1185 ieiunat
415 1121 549 1187 ecclcsia
578 1125 610 1185 et
637 1122 717 1186 aliae
745 1123 913 1187 nonnullae
937 1122 1033 1187 etiarn
1061 1124 1090 1188 si
1115 1142 1236 1206 paucae
1263 1123 1336 1187 siue
1363 1121 1410 1186 illi
1515 1160 1516 1187 ;

262 1230 421 1310 proximae
446 1227 515 1291 siue
538 1228 738 1312 longinquae.
773 1229 824 1294 die
847 1234 955 1293 autem
978 1230 1135 1295 dominico
1158 1230 1300 1293 ieiunare
1324 1247 1409 1293 scau·

263 1334 372 1398 dalum
391 1337 441 1399 est
459 1354 620 1417 magnum,
640 1335 774 1399 maxime
797 1339 911 1417 postea
933 1356 1029 1419 qnam
1052 1336 1192 1403 innotuit
1210 1334 1410 1401 detestabilis

263 1442 466 1523 multumque
496 1441 568 1505 fidei
597 1442 772 1507 catholicae
800 1443 1031 1526 scripturisque
1061 1442 1178 1507 diuinis
1210 1440 1411 1525 apertissime

264 1548 419 1613 contraria
454 1548 595 1612 haeresis
632 1548 899 1625 Manichaeorum,
938 1549 993 1632 qui
1029 1550 1097 1613 suis
1135 1548 1336 1614 auditoribus
1373 1546 1411 1610 ad
1428 1565 1452 1604 ro

263 1654 468 1719 ieiunandum
505 1656 605 1719 istum
639 1658 801 1737 tamquam
835 1654 1017 1739 legitimum
1049 1656 1285 1719 constituerunt
1318 1654 1410 1717 diem.

263 1780 319 1843 per
347 1762 432 1843 quod
459 1761 578 1827 factum
607 1764 667 1837 est,
697 1766 734 1825 ut
760 1761 915 1826 ieiunium
948 1762 1011 1826 diei
1043 1761 1194 1827 dominici
1225 1761 1411 1826 horribilius

264 1868 442 1944 haberetur,
466 1866 527 1933 nisi
551 1868 631 1931 forte
656 1868 771 1950 aliquis
794 1868 928 1933 idoneus
952 1850 1108 1949 sitnulla
1127 1869 1300 1933 refectione
1319 1868 1413 1931 inter-

263 1975 370 2057 posita
406 1975 492 2039 ultra
526 1974 757 2039 hebdomadem
793 1980 980 2059 perpetuare
1017 1976 1182 2053 ieiunium,
1219 1980 1257 2039 ut
1293 1972 1413 2039 ieiunio

265 2080 473 2164 quadraginta
505 2080 637 2157 dierum,
672 2084 826 2162 quantum
862 2082 1012 2164 potuerit,
1049 2082 1292 2165 adpropinquet,
1331 2080 1413 2144 sicut
1430 2097 1454 2137 a

264 2186 389 2269 aliquos
413 2186 528 2251 facisse
552 2187 772 2271 cognorimus,
796 2207 869 2251 nam
888 2191 921 2252 at
940 2188 980 2251 ad
997 2188 1103 2270 ipsum
1127 2186 1414 2270 quadragenarium
1515 2239 1516 2242 ,

266 2284 432 2358 numerum
467 2292 651 2376 peruenisse
690 2293 846 2375 quondam
878 2313 896 2359 a
929 2294 1080 2359 fratribus
1115 2294 1178 2359 fide
1215 2291 1413 2377 dignissimis

265 2400 356 2464 nobis
401 2400 623 2465 adseueratum
666 2403 724 2465 cst.
767 2420 862 2483 quem
899 2401 940 2465 ad
976 2402 1106 2466 modum
1143 2400 1225 2466 onim
1267 2403 1415 2464 ueterum

265 2510 391 2589 patrum
428 2507 624 2590 temporibus
657 2506 786 2590 Moyses
820 2512 852 2572 ct
883 2507 993 2571 Helias
1028 2508 1107 2572 nihil
1142 2510 1251 2571 contra
1282 2504 1416 2589 prandia

267 2613 470 2677 sabbatorum
501 2613 652 2690 focerunt,
687 2631 760 2677 cum
792 2612 905 2677 diebus
937 2611 1149 2697 quadragenis
1179 2612 1413 2685 iciunauerunt
1431 2630 1473 2695 a*

265 2720 321 2797 ita,
346 2720 400 2802 qui
423 2721 565 2801 potuerit
587 2724 709 2802 septem
734 2720 802 2785 dies
825 2719 994 2785 ieiunando
1022 2720 1165 2799 transire,
1193 2740 1254 2785 non
1283 2720 1349 2785 sibi
1376 2717 1416 2781 ad

265 2825 468 2893 ieiunandum
499 2826 598 2911 clegit
620 2826 815 2891 dominicum
839 2826 934 2905 diem,
959 2826 1015 2892 sed
1039 2827 1070 2891 in
1100 2826 1151 2891 his
1179 2846 1253 2891 eum
1280 2826 1415 2897 inuenit,
1515 2877 1516 2880 ,

267 2951 345 3016 quos
380 2932 595 2997 ieiunaturum
629 2952 662 2997 se
695 2933 788 2998 uouit
819 2933 974 3017 plurimos
1008 2934 1085 2998 dies.
1122 2933 1275 2999 ieiunium
1307 2937 1414 2999 tamon

268 3040 365 3103 etium
402 3040 619 3105 continuatum
655 3041 682 3105 si
715 3042 746 3103 in
779 3039 976 3106 hebdomade
1010 3041 1199 3106 soluendum
1232 3044 1292 3114 est,
1326 3038 1415 3104 nullo
1515 3037 1517 3042 ’

267 3146 493 3229 congruentius
531 3166 626 3228 quam
664 3145 821 3211 dominico
860 3146 910 3211 die
947 3148 1094 3213 soluitur.
1132 3147 1161 3211 si
1198 3150 1306 3211 autem
1343 3146 1460 3230 posta

266 3252 496 3317 hebdomadem
522 3271 637 3334 corpus
660 3252 811 3327 reficitur,
836 3271 897 3316 non
921 3254 1033 3337 utique
1057 3252 1095 3318 ad
1118 3253 1322 3318 ieiunandum
1349 3253 1417 3317 dies

267 3358 445 3423 dominicus
483 3359 622 3443 cligitur,
661 3359 717 3425 scd
753 3359 785 3421 in
823 3376 970 3439 numero,
1008 3380 1103 3443 quem
1135 3361 1246 3425 uoueri
1283 3358 1416 3443 placuit,

267 3464 436 3531 inuenitur.

305 3673 325 3724 l·
339 3672 377 3727 hii
396 3672 436 3725 ΡΞΙ
453 3672 473 3725 11
491 3670 584 3738 sirm
638 3670 654 3723 3
673 3672 738 3740 non]
758 3677 804 3724 md
820 3669 861 3723 P²
913 3672 931 3724 4
949 3670 994 3723 uel
1013 3672 1144 3739 spernunt
1161 3670 1206 3723 uel
1223 3666 1347 3721 iudicant
1365 3682 1416 3722 om.

268 3762 305 3817 P¹
364 3766 509 3818 bromanc
528 3758 568 3813 P²
626 3759 787 3815 idhioeli
844 3760 1007 3829 dmagnam
1028 3757 1154 3812 estP¹r
1212 3758 1245 3811 lo
1263 3757 1330 3825 suis]
1352 3754 1419 3809 solis

268 3851 327 3905 ΗΡ
381 3851 411 3905 11
433 3850 632 3904 constituerunt
649 3849 803 3919 legitimum
823 3848 883 3903 edd.
940 3850 973 3903 12
992 3847 1045 3913 die,
1062 3850 1130 3901 m.2
1147 3846 1202 3901 diei
1220 3846 1257 3899 P¹
1328 3843 1416 3898 horri-

267 3940 369 3995 bilibus
387 3937 426 3992 Ρ2
493 3939 658 4007 lateranio]
677 3938 809 3992 ieiunium
827 3937 863 3990 P¹
933 3939 965 3992 17
985 3952 1124 3991 numerum
1144 3952 1194 3989 om.
1218 3936 1244 3988 Τ
1313 3932 1416 4003 dignis·

268 4030 351 4082 simus
381 4027 458 4081 nobis
490 4028 651 4090 adseratum,
682 4042 749 4081 corr.
775 4032 840 4081 m.1
865 4026 1032 4096 dignissimis
1059 4025 1140 4080 nohis
1168 4024 1358 4079 adseueratum
1386 4018 1421 4074 H

268 4118 302 4171 20
316 4134 390 4172 *curn
410 4114 449 4171 Ρ2
537 4116 583 4169 XL
603 4115 669 4169 P³a
689 4115 872 4186 quadraginta
887 4116 916 4169 P
932 4122 990 4170 cett.
1010 4114 1071 4170 edd.
1163 4114 1197 4168 22
1217 4112 1296 4177 elicit
1314 4106 1422 4163 P¹P²T

304 4207 338 4261 iis
356 4206 450 4275 firm
521 4206 555 4259 23
575 4205 755 4259 iciunatorum
776 4202 816 4257 1³²
887 4207 1057 4266 comoneat,
1076 4209 1136 4261 m.1
1156 4202 1221 4257 add.
1240 4199 1280 4253 Ρ8
1340 4199 1376 4253 24
1394 4196 1418 4249 si

268 4297 308 4365 in]
331 4295 372 4348 sin
391 4292 429 4347 P²
