3092 5217
520 487 784 556 epistularum
814 486 881 541 CIV.
1210 492 1272 555 591

125 679 289 757 uolumus,
322 681 383 746 boc
416 684 466 745 331
498 682 677 766 appetimus
710 700 768 746 nec
804 685 910 746 tamen
944 700 1063 761 omnes,
1097 683 1151 765 qui
1184 683 1275 748 uolu-

124 806 209 869 mus,
232 806 417 869 possumus,
450 788 510 852 hoc
544 791 604 867 331,
638 788 723 870 quod
755 789 946 871 appetimus,
979 787 1195 871 adipiscimur.
1220 790 1275 854 1113

125 911 199 979 ergo
229 894 426 977 adipiscitur,
456 894 510 977 qui
542 895 630 959 uiam
660 898 748 959 tenet
784 914 844 959 nou
880 894 994 973 solum,
1028 914 1091 977 qua
1121 895 1154 961 id
1183 916 1274 981 appe-

123 1000 176 1080 111,
201 999 259 1064 sed
287 1020 350 1082 qua
377 1001 473 1065 etiam
507 1001 702 1083 peruenitur,
725 1001 906 1082 relinquens
935 1001 1013 1067 alios
1045 1002 1077 1067 in
1108 1002 1275 1067 itineribus

97 1106 293 1188 sappeteudi
331 1108 399 1171 sine
436 1107 498 1171 fine
534 1107 740 1192 adipiscendi,
780 1108 927 1190 quoniam
969 1127 1026 1173 nec
1060 1128 1143 1173 error
1176 1112 1272 1187 esset,

123 1214 152 1277 si
174 1214 255 1277 nihil
278 1217 478 1297 appeteretur
504 1233 562 1279 nec
589 1213 617 1279 si
640 1214 782 1297 appetita
805 1215 924 1279 ueritas
948 1217 1116 1283 teneretur.
1146 1215 1174 1281 si
1197 1233 1273 1279 uero

123 1319 268 1385 diuersas
296 1320 366 1385 uias
391 1321 437 1384 ita
460 1320 578 1398 dixisti,
607 1324 727 1386 31333
751 1321 976 1407 intellegamus
1001 1320 1161 1397 aduersas,
1190 1322 1274 1387 31331

123 1426 262 1491 dicimus
282 1427 407 1493 diuersa
426 1432 604 1511 praecepta,
623 1447 704 1511 quae
723 1434 828 1491 tamen
849 1427 953 1493 omnia
971 1428 1086 1493 bonam
1106 1427 1273 1493 aedificent

121 1533 224 1597 uitam
249 1533 373 1599 eliade
397 1534 543 1599 castitate
567 1534 690 1598 eliade
717 1534 872 1617 patientia
900 1534 962 1598 alia
989 1534 1027 1598 de
1055 1534 1116 1599 fide
1144 1535 1206 1598 alia
1234 1534 1272 1598 de

84 1674 107 1711 ro
122 1639 341 1705 misericordia
363 1644 396 1705 et
419 1642 447 1705 si
470 1660 533 1722 qua
560 1644 635 1705 sunt
663 1644 777 1718 cetera,
806 1661 867 1705 non
897 1641 1002 1707 solum
1026 1641 1187 1725 appetitur
1209 1642 1271 1705 uiis

123 1750 157 1810 31
179 1746 363 1811 tramitibus
391 1747 437 1812 113
460 1746 596 1811 diuersis
625 1747 682 1811 illa
709 1748 822 1831 patria,
850 1766 963 1811 33333
987 1747 1083 1812 etiam
1106 1748 1270 1830 reperitur.

121 1872 197 1917 nam
217 1857 250 1916 et
268 1853 299 1915 in
320 1854 486 1936 scripturis
506 1853 624 1917 sanctis
645 1853 767 1918 313133
786 1855 936 1937 leguntur
955 1856 988 1917 31
1002 1854 1069 1919 uia:
1086 1854 1167 1933 uiae,
1188 1854 1272 1918 sicut

121 1958 205 2023 illud
229 1961 293 2023 est:
318 1959 479 2024 Docebo
509 1958 676 2040 iniquos
704 1960 795 2023 uias
823 1963 915 2025 1333
947 1962 985 2023 31
1015 1959 1129 2042 impii
1159 1960 1204 2024 ad
1232 1964 1270 2025 tc

122 2064 966 2142 conuertentur,uia,sicutilludzDeducme
990 2066 1028 2129 in
1053 2066 1272 2131 31313331

82 2196 105 2235 n
122 2170 338 2235 ambulabo
371 2172 409 2235 iu
441 2171 622 2235 ueritate
654 2175 733 2251 133,
757 2191 818 2237 333
842 2172 922 2236 31133
945 2171 1019 2237 11133
1043 2173 1106 2236 3113
1128 2172 1192 2238 1313
1215 2173 1271 2239 sed

122 2295 234 2341 omnes
258 2296 331 2355 uua,
355 2278 529 2359 dequibus
554 2277 615 2342 alio
639 2279 710 2342 1333
736 2278 844 2343 eadem
869 2282 979 2343 333313
1003 2278 1159 2361 scriptura
1178 2278 1269 2343 dicit:

122 2382 355 2448 Uniuorsae
388 2384 479 2448 uiae
513 2383 663 2449 domini
701 2384 991 2451 misericordia
1024 2388 1062 2449 31
1099 2385 1268 2449 ueritas.

121 2509 204 2572 quae
232 2492 261 2555 si
284 2490 453 2573 diligenter
475 2491 723 2568 considerentur,
752 2492 916 2575 copiosum
943 2492 1072 2574 pariunt
1094 2510 1269 2556 sermonem

120 2586 385 2679 intellectumque
409 2597 653 2674 suauissimum3
683 2597 768 2679 quod
797 2598 824 2662 31
848 2616 927 2679 3333
952 2598 1057 2674 fuerit,
1086 2597 1117 2661 iu
1141 2600 1268 2680 tempus

77 2730 103 2772 ao
121 2704 210 2769 aliud
233 2704 385 2768 differam.

43 2812 77 2873 13
165 2810 259 2875 Nunc
287 2812 404 2887 autem,
433 2810 519 2892 quod
547 2809 626 2875 satis
650 2829 721 2875 3333
745 2810 879 2875 arbitror
905 2828 960 2894 pro
990 2813 1138 2893 suscepto
1164 2809 1267 2875 officio

120 2916 314 2983 rescribendi
345 2915 556 2999 praestantiae
588 2920 672 2994 tuae,
706 2915 855 2998 quoniam
885 2915 1031 2981 Christus
1065 2915 1156 2981 dixit:
1188 2918 1268 3001 Ego

121 3044 205 3089 sum
236 3024 311 3101 uia,
339 3024 371 3087 in
396 3023 451 3087 1113
476 3023 654 3106 quaerenda
680 3033 731 3087 est
757 3022 975 3087 misericordia
1003 3026 1035 3087 et
1062 3023 1192 3101 ueritas,
1220 3043 1269 3103 33,

122 3132 148 3196 31
177 3131 255 3195 alibi
279 3130 518 3211 quaesierimus,
547 3148 688 3194 erremus
711 3132 856 3195 tenentes
881 3132 1080 3213 appetentem
1104 3129 1191 3194 uiam
1214 3132 1271 3195 sed

74 3266 102 3303 3
121 3257 182 3301 333
202 3236 297 3301 etiam
321 3236 556 3319 perducentem,
581 3237 681 3313 uelut,
706 3237 735 3301 31
752 3238 833 3301 bauo
857 3237 958 3319 ipsam
977 3240 1083 3301 tenere
1101 3238 1270 3316 uellemus,

121 3345 203 3409 unde
241 3344 392 3426 quiddam
435 3344 701 3421 commemorasti,
744 3343 850 3407 omnia
890 3347 1020 3427 3333313
1062 3362 1132 3408 3333
1173 3342 1269 3427 paria,

120 3470 222 3515 noune
247 3452 286 3515 ab
314 3451 371 3515 illa
397 3451 500 3533 patria
526 3451 671 3516 ueritatis
695 3454 728 3515 31
754 3450 918 3515 beatitatis
947 3469 1004 3515 333
1035 3450 1131 3534 longe
1164 3451 1268 3514 exules

120 3559 283 3623 mitteret?
324 3558 401 3640 quid
440 3559 523 3623 enim
556 3557 737 3635 absurdius,
770 3557 848 3639 quid
878 3558 1020 3621 insanius
1054 3556 1117 3620 dici
1153 3558 1268 3639 potest,

120 3682 214 3746 quam
243 3671 282 3728 ut
307 3665 374 3742 ille,
403 3664 457 3746 qui
481 3663 642 3745 aliquanto
670 3662 898 3728 inmoderatius
926 3662 1042 3739 riserit,
1072 3662 1186 3737 311113,
1215 3662 1269 3743 qui

73 3797 100 3837 ro
119 3771 254 3853 patriam
274 3771 486 3835 truculentius
506 3769 689 3844 incenderit,
709 3787 858 3852 peccasso
877 3768 1056 3833 iudicentur
1074 3768 1268 3850 aequaliter?

210 3998 244 4051 13
262 3996 308 4050 Ps.
328 3998 370 4059 50,
392 3996 424 4051 15
489 3996 701 4059 14133311
774 3996 805 4050 17
826 3996 932 4063 Para
952 3996 986 4049 10
1054 3994 1266 4057 221313.14,6

120 4085 207 4139 2331.
227 4103 253 4155 p.
273 4086 400 4151 33333
421 4085 567 4151 scaber
588 4086 619 4138 ll

156 4210 172 4260 4
191 4208 259 4261 alios
278 4208 307 4260 iu
325 4207 469 4261 itineribus
489 4207 529 4274 (13
548 4208 615 4261 11133
633 4210 664 4260 in
682 4213 751 4273 raa.)
771 4206 797 4260 U
813 4190 881 4261 131133
900 4208 926 4260 13
945 4206 1065 4260 turribus
1085 4204 1152 4259 Vir
1188 4207 1266 4261 6333

120 4317 128 4346 a
161 4297 187 4349 ui
210 4296 302 4350 Unec
321 4297 374 4349 nisi
397 4295 488 4349 Vlar
597 4297 630 4350 10
648 4312 717 4365 quae
736 4295 796 4353 edd.
917 4296 950 4349 14
973 4296 1045 4349 roiam
1068 4296 1139 4349 sicut
1158 4294 1266 4349 eooldi

122 4387 156 4437 lb
174 4391 221 4438 tna
240 4402 290 4439 om.
316 4384 371 4437 t'l‘
388 4386 430 4448 (in
448 4402 533 4453 33333.
553 4390 616 4437 332
636 4384 714 4446 aad.)
735 4385 768 4437 lr
