3092 5217
295 484 337 546 26
648 480 674 535 S.
703 478 842 535 Aureli
868 482 1086 551 Augustini

1527 531 1528 620 l

295 676 333 741 ab
362 677 511 759 episcopo
546 695 603 741 suo
637 676 821 741 mandatnm
854 679 1021 760 acceperit.¹
1055 680 1140 761 quod
1172 680 1276 745 officio
1307 683 1427 764 publico

293 783 498 860 renuntiauit,
523 803 560 847 an
585 784 675 857 forte,
700 803 773 847 cum
798 789 829 848 et
852 785 921 867 ipse
944 785 1057 850 Victor
1074 787 1161 851 aliud
1179 787 1301 863 dixerit,
1320 788 1428 853 falsum
1527 781 1528 846 ἶ

292 888 341 952 1111
366 890 449 971 apud
473 893 543 954 acta
565 890 726 973 prosecuti
752 890 827 970 sint,
851 910 924 956 cum
948 892 1013 956 sint
1031 894 1261 958 communionis
1280 893 1429 967 eiusdenu
1527 977 1528 986 ἵ

293 1000 358 1075 aut,
388 998 415 1061 si
444 998 611 1075 consentit,
644 1001 681 1062 ut
712 999 815 1081 ipsam
846 1002 947 1063 totam
980 1000 1197 1082 quaestionem
1230 999 1430 1065 dissensionis

292 1107 417 1168 nostrae
445 1105 568 1187 placide
597 1109 837 1187 pertractemus
870 1110 908 1170 ut
939 1126 1032 1183 error,
1067 1108 1122 1189 qui
1152 1106 1215 1171 iam
1249 1106 1432 1170 manifestus
1459 1132 1470 1172 s
1527 1163 1528 1168 ,

293 1212 351 1289 est,
376 1211 576 1275 manifestius
605 1212 795 1290 innotescat,
823 1212 960 1276 libenter
987 1213 1172 1294 amplector.
1205 1212 1315 1276 audiui
1343 1212 1432 1287 enim,
1527 1235 1528 1294 4

293 1318 377 1397 qnod
402 1317 523 1397 dixerit,
546 1322 584 1382 ut
608 1320 675 1383 sine
699 1319 842 1383 tumultu
865 1319 1008 1402 populari
1038 1319 1145 1384 adsint
1172 1320 1339 1385 nobiscum
1367 1320 1434 1383 deni
1527 1349 1528 1352 ¹

223 1427 228 1437 “
293 1444 328 1488 er
351 1429 486 1508 utraque
509 1429 598 1507 parte
622 1445 735 1509 graues
760 1429 794 1489 et
815 1425 942 1489 honesti
965 1426 1026 1489 uiri
1050 1430 1083 1490 et
1105 1428 1280 1492 secundum
1304 1425 1433 1508 scriptu-

291 1553 352 1607 ras,
383 1532 459 1615 qnid
486 1534 517 1596 in
546 1551 621 1597 ucro
650 1533 703 1610 sit,
731 1533 961 1615 perquiramus.
996 1553 1067 1597 narn
1095 1533 1186 1610 illud,
1215 1536 1300 1617 quod
1327 1555 1433 1601 rursus

292 1660 364 1704 eum
389 1640 505 1703 dixisse
527 1640 670 1704 nonnulli
698 1639 736 1703 ad
760 1659 811 1703 me
835 1641 1042 1722 pertulerunt,
1068 1658 1124 1704 cur
1151 1660 1212 1706 non
1240 1642 1331 1707 ierim
1359 1644 1434 1707 Con·
1451 1665 1473 1702 o

292 1747 473 1825 stantinam,
503 1747 627 1827 quando
655 1746 700 1810 ibi
728 1746 836 1829 plures
864 1747 926 1827 ipsi
956 1749 1054 1824 erant,
1082 1746 1136 1810 uel
1163 1767 1214 1812 me
1248 1749 1362 1814 debere
1392 1750 1434 1812 ire

291 1853 434 1929 Mileum,
460 1852 545 1935 quod
568 1853 646 1929 illic,
672 1853 758 1917 sicut
779 1853 957 1936 perhibent,
986 1851 1155 1917 concilium
1184 1856 1323 1937 proxime
1351 1856 1434 1919 habi-

291 1961 354 2025 turi
382 1964 466 2037 sunt,
500 1958 670 2023 ridiculum
699 1964 749 2025 est
777 1960 890 2036 dicere,
919 1960 1011 2042 quasi
1039 1959 1079 2023 ad
1105 1979 1156 2024 me
1184 1962 1342 2043 pertineat
1364 1980 1435 2026 cura

291 2068 417 2149 propria
439 2066 502 2130 nisi
524 2066 751 2149 Hipponiensis
776 2067 938 2131 ecclesiae.
962 2066 1041 2129 mihi
1064 2069 1133 2130 tota
1154 2066 1251 2131 huius
1279 2068 1435 2150 quaestio·

292 2175 341 2237 nis
370 2173 448 2238 ratio
477 2174 612 2238 maxime
641 2194 712 2239 cum
741 2175 930 2239 Proculiano
960 2180 1016 2241 est.
1052 2176 1107 2240 sed
1136 2175 1163 2239 si
1190 2175 1271 2240 forte
1295 2176 1435 2259 inparem
1452 2198 1474 2235 u

293 2299 326 2343 sc
351 2283 452 2363 putat,
477 2282 569 2345 cuius
602 2282 749 2359 uoluerit,
784 2282 925 2366 collegae
958 2284 1008 2347 sui
1040 2284 1177 2366 inploret
1207 2284 1371 2348 auxilium.
1404 2283 1434 2346 in

293 2386 364 2450 aliis
397 2387 480 2451 enim
513 2388 700 2453 ciuitatibus
733 2392 858 2453 tautum
895 2389 1031 2473 agimus,
1069 2390 1154 2472 quod
1190 2390 1230 2453 ad
1268 2389 1436 2454 ecclesiam

291 2492 437 2573 pertinet,
476 2500 628 2576 quantum
666 2496 719 2560 uel
756 2515 812 2561 nos
849 2496 1040 2579 permittunt
1074 2497 1126 2560 uel
1159 2496 1250 2561 nobis
1282 2496 1437 2579 inponunt

292 2601 461 2665 earundem
485 2603 664 2667 ciuitatium
690 2603 841 2687 episcopi,
865 2604 978 2668 fratres
1002 2608 1035 2667 et
1058 2604 1299 2668 consacerdotes
1327 2602 1437 2668 nostri.

247 2709 266 2771 6
336 2705 533 2791 Quamquam
564 2714 596 2773 et
623 2711 694 2785 iste,
724 2711 779 2792 qui
807 2730 841 2775 se
870 2713 919 2774 tot
946 2730 1096 2776 annorum
1128 2712 1314 2794 episcopum
1346 2710 1435 2785 dicit,
1454 2728 1475 2765 so

291 2813 366 2895 quid
395 2814 426 2878 in
454 2834 506 2879 me
538 2816 637 2880 tirone
671 2816 793 2891 timeat,
826 2818 997 2897 quominus
1027 2835 1152 2881 mecum
1184 2817 1264 2881 uelit
1295 2818 1437 2881 conferre

291 2939 475 2995 sermonem,
500 2923 664 2988 non-satis
689 2922 855 3006 intellego:
889 2923 917 2987 si
945 2923 1119 2987 doctrinam
1146 2922 1326 2987 liberalium
1348 2923 1435 2987 litte-

288 3048 403 3107 rarum,
429 3050 507 3112 quas
531 3030 611 3093 sorte
634 3030 703 3112 ipse
727 3032 784 3092 aut
805 3050 866 3094 non
887 3029 999 3093 didicit
1017 3034 1073 3093 aiut
1090 3030 1197 3093 minus
1217 3028 1337 3106 didicit,
1357 3030 1435 3111 quid

289 3136 348 3200 boc
371 3137 508 3218 pertinet
531 3135 571 3199 ad
594 3156 662 3200 eam
686 3136 915 3219 quaestionem,
944 3156 1024 3219 quae
1054 3138 1102 3200 uel
1133 3136 1170 3199 de
1195 3137 1313 3200 sanctis
1337 3137 1435 3218 scrip.

288 3242 369 3305 turis
401 3243 452 3306 uel
482 3242 681 3307 documentis
715 3242 940 3307 ecclesiasticis
974 3247 1030 3306 aut
1061 3242 1199 3326 publicis
1234 3243 1435 3306 discutienda
1453 3261 1478 3301 aa

288 3353 346 3427 est,
370 3349 402 3413 in
427 3349 543 3430 quibus
566 3349 620 3412 ille
644 3368 699 3432 per
722 3352 770 3413 tot
794 3368 891 3413 anuos
910 3352 1067 3427 uersatur,
1085 3348 1169 3413 unde
1189 3350 1219 3412 in
1240 3350 1285 3413 eis
1306 3348 1435 3413 deberet
1527 3375 1528 3378 ¹

322 3595 338 3646 2
358 3593 427 3663 ipse]
448 3593 494 3645 ille
513 3592 550 3645 M
638 3592 653 3646 3
673 3590 727 3644 illi·
744 3591 844 3658 (fuitne
862 3590 974 3657 illum?)
994 3590 1025 3643 F
1130 3592 1196 3661 sint]
1219 3592 1321 3645 fuerint
1332 3594 1432 3661 flruc
1527 3579 1528 3632 l

285 3683 303 3736 4
321 3688 429 3735 nostrae
449 3681 625 3735 dissensionis
644 3680 672 3735 R
713 3682 831 3734 5terror
848 3680 966 3733 MFAP
983 3683 1058 3743 (ou2
1074 3680 1088 3732 l
1106 3684 1190 3747 error)
1242 3683 1256 3734 7
1276 3683 1431 3751 populariae

285 3771 341 3825 sint
358 3771 395 3824 M
411 3770 553 3840 popularia
572 3770 628 3823 siut
645 3770 672 3821 A
727 3769 854 3837 Spartes
871 3768 909 3821 M
962 3769 995 3822 10
1015 3767 1049 3822 ad
1067 3785 1110 3821 me
1128 3769 1253 3823 nonnulli
1271 3771 1299 3826 R
1351 3772 1429 3824 ierim
1527 3813 1528 3832 ,

286 3858 319 3911 ad
339 3860 539 3912 constantinam
558 3858 595 3910 M
657 3858 687 3910 11
708 3857 800 3926 plures
818 3857 858 3909 ibi
876 3857 904 3911 R
975 3857 1024 3926 ibi]
1043 3856 1093 3917 illi,
1113 3873 1181 3910 corr.
1203 3857 1308 3922 (m.1?)
1327 3858 1386 3913 illic
1405 3861 1432 3913 P

321 3947 406 4016 plure,
425 3950 490 4002 m.2
507 3948 598 4016 plures
612 3947 640 3999 P
691 3947 750 4015 ipse
763 3945 794 3999 F
811 3945 911 4010 (m.2?
928 3946 993 4016 ipsi)
1006 3946 1031 3997 A
1072 3947 1105 3999 12
1118 3946 1247 3999 milenum
1263 3964 1281 3999 α
1299 3948 1430 4001 llileuum
1527 3929 1528 3964 1

286 4036 438 4089 eMilcuim
457 4040 515 4089 cett.
536 4036 596 4091 edd.
707 4037 740 4089 14
757 4034 933 4105 hipponensis
952 4036 978 4087 A
997 4034 1057 4088 edd.
1154 4036 1187 4087 15
1211 4035 1384 4089 Proculeiano
1404 4053 1431 4090 m
1527 4089 1528 4094 ,

287 4126 319 4178 18
339 4125 383 4177 uel
402 4124 480 4177 nobis
500 4125 633 4193 inponunt
651 4141 702 4178 om.
722 4125 749 4176 A
850 4124 883 4176 19
907 4123 1059 4177 ciuitatium
1084 4122 1115 4176 F
1135 4124 1155 4188 (i
1174 4128 1240 4191 post
1262 4128 1275 4176 t
1298 4129 1380 4188 eros.)
1404 4125 1432 4177 P

285 4214 305 4278 (i
319 4218 384 4281 post
409 4216 421 4264 t
447 4218 518 4281 exp.)
545 4212 684 4265 ciuitatum
710 4211 773 4265 MR
799 4212 859 4265 cdd.
968 4212 1003 4265 20
1029 4212 1114 4273 annis,
1133 4214 1193 4265 aul
1209 4227 1298 4279 asana
1315 4212 1329 4263 l
1346 4229 1430 4266 anno·
1523 4219 1529 4277 ',

284 4319 341 4355 rum
361 4302 388 4357 R
487 4300 570 4364 ducit,
590 4316 659 4354 corr.
678 4305 739 4356 m.1
758 4300 826 4354 dicit
844 4301 881 4353 M
959 4302 991 4354 21
1013 4300 1092 4354 uellit
1113 4299 1144 4353 F
1223 4300 1257 4352 22
1276 4300 1429 4355 liberalimn
1527 4289 1529 4309 '

284 4390 433 4445 doctrinam
452 4390 481 4445 R
