3092 5217
496 494 760 565 epistularum
789 493 908 548 CXVIII.
1211 498 1275 564 685

126 691 172 754 ita
199 693 247 768 ut,
280 689 394 772 siqua
424 709 508 755 nunc
536 689 648 756 erroris
677 694 765 756 secta
792 695 901 756 contra
928 690 1106 774 ueritatem,
1139 691 1200 756 hcc
1229 693 1279 756 est

127 801 237 863 eontra
277 797 445 861 ecclesiam
482 795 601 862 Christi
642 798 815 874 emerserit,
857 797 920 862 nisi
960 797 1088 862 nomina
1131 801 1279 880 cooperta

127 902 308 969 Christiano
336 904 377 968 ad
408 904 614 987 pugnandum
645 904 790 988 prosilire
823 923 884 970 non
917 904 1041 969 audeat.
1075 923 1111 970 ex
1139 924 1200 988 quo
1232 905 1279 968 in-

125 1011 292 1095 tellegitur
317 1012 407 1093 ipsos
436 1031 562 1095 quoque
585 1012 769 1078 Platonicae
797 1013 903 1096 gentis
931 1012 1138 1096 philosophos
1165 1012 1277 1095 paucis
1341 1045 1347 1054 ·

95 1119 272 1194 emutatis,
296 1137 376 1200 quae
401 1117 579 1184 Christiana
605 1120 752 1203 inprobat
780 1119 958 1202 disciplina,
986 1119 1200 1184 inuictissimo
1223 1119 1278 1184 uni

125 1225 195 1310 regi
223 1225 350 1291 Christo
381 1226 451 1307 pias
479 1226 618 1290 ceruices
648 1230 791 1310 oportere
820 1225 1008 1291 submittere
1037 1229 1068 1290 61
1094 1225 1279 1310 intellegere

126 1331 261 1396 uerbum
282 1330 333 1395 dei
354 1330 481 1396 homine
503 1330 662 1409 indutum,
687 1331 740 1414 qui
763 1332 862 1398 iussit
885 1335 917 1396 61
936 1332 1089 1397 creditum
1109 1335 1168 1409 est,
1192 1331 1277 1414 quod

125 1438 175 1502 illi
199 1438 251 1502 uel
274 1436 412 1521 proferre
434 1438 630 1505 metuebant.

45 1551 81 1612 22
171 1544 257 1609 Huic
285 1548 327 1622 te,
360 1543 404 1608 mi
431 1543 594 1621 Dioscore,
627 1547 759 1610 611616
791 1546 910 1628 pietate
944 1544 1062 1610 subdas
1095 1545 1192 1609 uelim
1220 1563 1277 1610 666

84 1651 223 1716 waliam
255 1651 315 1715 tibi
352 1650 392 1715 ad
424 1651 649 1735 capessendam
682 1656 714 1716 et
747 1651 949 1717 obtinendam
987 1651 1155 1716 ueritatem
1191 1650 1278 1716 niam

125 1759 265 1837 munias,
289 1777 383 1841 quam
407 1778 487 1841 quaa
510 1759 634 1823 mnnita
657 1762 708 1823 est
731 1759 769 1823 ab
793 1759 861 1838 illo,
886 1757 941 1842 qui
964 1777 1132 1843 gressuum
1156 1761 1278 1824 nostro-

125 1886 200 1930 rum
226 1868 390 1948 tamquam
418 1865 496 1930 deus
529 1865 612 1930 uidit
638 1865 866 1933 infirmitatem.
900 1885 937 1930 ea
966 1865 1015 1930 est
1043 1867 1149 1930 autem
1176 1865 1279 1948 prima

125 1971 303 2050 humilitas,
343 1973 482 2038 secunda
518 1971 695 2050 humilitas,
732 1974 827 2037 tertia
859 1972 1025 2036 humilitas
1058 1976 1099 2048 61,
1133 1971 1278 2054 quotiens

124 2079 349 2164 interrogares,
377 2079 437 2144 hoc
465 2078 611 2155 dicerem,
644 2099 706 2144 non
734 2099 797 2162 qno
829 2079 891 2144 alia
917 2098 978 2144 non
1007 2079 1072 2144 sint
1099 2080 1277 2162 praecepta,

85 2205 107 2243 1⁵
127 2205 209 2269 quac
237 2186 392 2261 dicantur,
426 2185 482 2251 sed
513 2186 576 2252 nisi
608 2187 774 2251 humilitas
803 2186 918 2266 omnia,
948 2204 1165 2268 quaecumque
1197 2185 1277 2250 bene

125 2291 276 2371 iacimus,
310 2295 342 2357 61
372 2293 582 2376 praecesserit
610 2297 642 2358 et
671 2293 821 2358 comitata
854 2301 886 2357 61
917 2295 1089 2358 consecuta
1118 2291 1215 2356 fuerit
1247 2293 1280 2355 61

125 2399 303 2482 proposita,
328 2419 423 2483 quam
449 2400 639 2479 intueamur,
664 2402 698 2465 et
724 2399 880 2484 adposita,
905 2399 957 2465 cui
986 2399 1222 2475 adhaereamus,
1247 2401 1280 2462 61

124 2505 278 2590 inposita,
312 2526 374 2590 qua
405 2508 624 2590 reprimamur,
657 2509 721 2572 iam
753 2507 844 2574 nobis
873 2506 912 2570 de
940 2506 1047 2588 aliquo
1079 2505 1161 2570 bono
1193 2506 1279 2569 16616

126 2612 344 2696 gaudentibus
371 2617 476 2679 totum
500 2617 664 2697 extorquet
687 2614 726 2679 de
749 2633 845 2679 manu
874 2613 1032 2696 superbia.
1060 2612 1140 2676 uitia
1162 2611 1278 2695 quippe

80 2738 106 2778 66
125 2723 234 2784 cetera
251 2720 283 2785 in
302 2720 453 2802 peccatis,
477 2721 626 2804 snperbia
648 2739 723 2786 uero
743 2721 839 2786 etiam
862 2720 894 2785 16
918 2722 1003 2786 66616
1025 2719 1120 2784 factis
1138 2717 1281 2784 timenda

125 2831 190 2905 est,
214 2846 253 2892 ne
276 2827 341 2905 illa,
362 2847 442 2910 quae
465 2827 669 2892 laudabiliter
690 2827 775 2892 facta
800 2829 884 2904 sunt,
908 2826 1010 2909 ipsius
1034 2823 1138 2890 laudis
1160 2824 1281 2908 cupidi-

125 2938 197 2998 tate
229 2934 425 3000 amittantur.
461 2934 580 3018 itaque,
613 2935 698 2999 sicut
729 2935 837 3000 rhetor
867 2934 922 2998 ille
954 2931 1173 2998 nobilissimus
1207 2949 1280 2996 cum

124 3043 344 3125 interrogatus
372 3045 468 3119 esset,
497 3040 574 3124 quid
603 3041 634 3106 ei
660 3041 799 3124 primum
831 3039 994 3104 uideretur
1020 3040 1052 3104 in
1082 3037 1281 3120 eloquentiae

125 3148 308 3233 praeceptis
332 3147 495 3212 obseruari
518 3151 671 3232 oportere,
700 3147 991 3230 pronuntiationem
1016 3145 1131 3210 dicitur
1154 3162 1281 3228 respon-

81 3270 109 3310 25
128 3254 229 3333 disse,
248 3257 547 3337 conquassaretur,
567 3254 643 3337 quid
662 3254 812 3332 secundo,
833 3252 964 3319 eandem
982 3250 1280 3335 pronuntiationem,

128 3361 210 3446 quid
237 3361 342 3439 166116,
369 3360 450 3425 nihil
477 3359 564 3426 aliud
588 3379 683 3443 quam
710 3359 1000 3444 pronuntiationem
1025 3358 1152 3436 dixisse,
1181 3355 1282 3422 6116-

165 3603 790 3675 2616116666166611616116666666661611
863 3601 1092 3673 epungnandum
1114 3599 1142 3656 V
1218 3615 1281 3683 pro:

127 3693 222 3758 silere,
239 3697 306 3747 662
323 3693 447 3763 prosilire
465 3693 503 3746 Μ
573 3691 676 3755 audiat,
695 3707 764 3746 corr.
785 3690 886 3745 audeat
904 3691 931 3745 V
979 3691 997 3744 4
1016 3689 1090 3760 ipsos
1110 3705 1195 3760 quoq;
1213 3689 1281 3742 Alit.

125 3781 274 3853 1166166166
293 3783 384 3851 gentis
401 3781 589 3852 philosophos.
608 3781 760 3852 platonicos
779 3779 955 3851 philosophos
973 3780 1068 3849 paucis
1085 3777 1114 3832 11
1169 3779 1185 3832 5
1205 3793 1283 3847 querno

129 3878 202 3940 (rae.
221 3871 341 3938 1-21.)
360 3871 389 3926 P
441 3871 646 3926 6snmmittere
666 3873 791 3940 oportere
808 3869 837 3926 11
891 3869 971 3924 8661
989 3885 1041 3924 om.
1059 3865 1129 3922 P¹V
1186 3867 1220 3921 10
1239 3881 1283 3920 ca·

126 3961 295 4036 pessandam
312 3960 340 4014 P
411 3961 446 4014 12
463 3960 543 4022 uidit,
562 3975 630 4015 corr.
651 3958 757 4027 (6611)
776 3959 854 4012 uidet
871 3957 909 4012 P¹
927 3955 1005 4012 uidet
1021 3956 1079 4010 PV
1149 3951 1284 4011 1616616-

126 4068 193 4106 mus
210 4051 240 4106 A
324 4049 462 4113 666611616,
481 4065 549 4104 corr.
568 4048 674 4120 16611)
693 4049 824 4103 comitata
841 4047 879 4101 Ρι
905 4047 1070 4110 6661116166,
1089 4047 1155 4100 nat
1173 4043 1284 4098 comita·

127 4145 177 4195 tur
196 4141 225 4196 P
242 4139 389 4194 6666116166
406 4156 426 4192 6
445 4140 589 4193 comitetur
608 4143 667 4193 cett.
687 4136 747 4192 edd.
822 4137 856 4190 17
875 4135 997 4190 16666666
1009 4127 1043 4189 'A
1116 4133 1150 4188 18
1169 4148 1239 4202 quae
1257 4133 1285 4185 A

167 4229 251 4283 uobis
268 4227 333 4282 MA
404 4227 439 4281 20
457 4227 484 4280 16
503 4227 585 4282 666116
606 4229 667 4288 (om.
687 4225 787 4294 166116),
806 4229 867 4280 661
884 4241 971 4294 supra
988 4224 1003 4278 1
1019 4223 1046 4277 16
1066 4225 1140 4277 66616
1159 4219 1239 4276 iactis
1257 4217 1286 4274 R

130 4321 160 4373 16
181 4317 265 4372 666116
282 4317 365 4388 (corr.
383 4318 546 4383 66166616)
566 4315 647 4370 166116
667 4314 694 4368 V
739 4314 775 4369 24
795 4314 937 4368 obseruare
956 4311 1053 4366 debere
1071 4311 1101 4367 11
1154 4311 1188 4366 25
1203 4325 1285 4379 quae·

130 4411 212 4464 retur
229 4406 257 4460 A
311 4407 346 4460 26
365 4405 479 4462 dixisset
496 4405 525 4460 P
594 4403 768 4474 6111166166
