3092 5217
291 503 356 567 608
642 500 669 554 S.
697 498 834 553 Aureli
861 498 1080 569 Augustini

288 694 438 760 ductus
463 696 527 759 est
549 697 588 759 et
616 693 728 759 sicut
753 712 881 777 agnus
906 712 1039 759 coram
1062 692 1257 759 tondente
1288 714 1329 759 se
1356 693 1436 759 fuit

290 801 377 866 sinc
410 820 521 880 uoce,
555 800 615 865 sic
642 819 717 865 non
746 800 912 885 aperuit
938 819 980 865 os
1014 818 1128 865 suum
1155 805 1188 865 et
1215 804 1330 879 cetera,
1359 818 1436 881 quae
1526 812 1527 849 1

288 907 357 972 illic
384 908 422 974 de
450 908 520 973 eius
551 909 698 991 passione
727 906 885 985 dicuntur,
917 906 963 971 ibi
991 906 1181 991 agnouimus
1209 909 1242 973 et
1269 906 1437 971 ecclesiam

288 1014 320 1079 in
354 1033 402 1093 eo,
435 1015 520 1098 quod
551 1013 619 1078 illio
652 1013 784 1079 dicitur:
816 1014 986 1079 Laetare
1019 1013 1195 1091 sterilis,
1229 1032 1332 1095 quae
1365 1032 1436 1077 non

288 1120 410 1205 paris,
452 1140 614 1205 erumpe
656 1124 695 1186 et
745 1122 935 1200 exclama,
973 1140 1072 1203 quae
1117 1140 1193 1187 uon
1241 1119 1474 1203 parturies
1526 1126 1527 1175 l

288 1229 476 1309 quoniam
512 1227 633 1292 multi
669 1227 758 1293 filii
796 1228 983 1293 desertae
1020 1226 1150 1311 magis
1189 1245 1305 1310 quam
1340 1226 1437 1302 eius,

287 1354 386 1418 quae
423 1334 546 1399 babet
592 1335 743 1410 uirum3
788 1335 892 1401 dixit
929 1335 1030 1400 enim
1068 1333 1266 1401 dominus.
1308 1332 1438 1397 dilata

286 1442 420 1507 locum
452 1440 717 1506 tabernaculi
748 1440 810 1505 tui
844 1444 883 1505 et
921 1442 1088 1505 aulaeas
1121 1444 1213 1505 tuas
1256 1438 1436 1522 confige;
1526 1470 1527 1489 ι

286 1567 361 1613 non
389 1551 462 1623 est,
495 1548 601 1631 quod
627 1564 791 1631 parcas;
816 1547 980 1632 porrige
1016 1546 1184 1631 lougius
1222 1546 1436 1611 funiculos

286 1658 326 1719 et
365 1655 481 1737 palos
523 1653 687 1719 ualidos
730 1654 942 1730 confirma;
986 1654 1109 1719 etiam
1150 1656 1272 1737 atque
1310 1653 1472 1719 etiamn
1526 1664 1527 1721 ἶ

285 1762 324 1827 in
354 1762 533 1827 dextram
561 1765 683 1844 atque
712 1762 927 1827 sinistram
957 1761 1137 1827 extende.
1166 1780 1300 1827 semen
1331 1760 1434 1823 enim

285 1873 400 1935 tuum
424 1868 679 1935 hereditabit
706 1872 850 1953 gentes
875 1872 914 1933 et
937 1868 1148 1945 ciuitates,
1177 1886 1279 1949 quae
1303 1867 1434 1931 deser·
1526 1852 1527 1931 ἒ

286 1978 498 2052 tacerent
522 1976 686 2041 inhabit
671 1976 792 2043 tabis.
816 1978 977 2041 nonest
1000 1974 1208 2057 qnodmet
1214 1992 1298 2052 uas
1328 1992 1434 2057 proe-

287 2081 449 2147 ualebis
487 2083 601 2161 cuim,
637 2104 709 2149 uec
746 2083 978 2163 erubescas
1018 2082 1122 2165 qnod
1161 2080 1229 2146 det
1237 2080 1433 2147 estabilis
1526 2072 1527 2145 l

285 2189 432 2261 fueris:
470 2191 753 2257 confusionom
797 2190 972 2257 enimin
1010 2191 1251 2272 perpetuum
1287 2186 1432 2253 oblini·
1450 2208 1470 2249 n
1526 2156 1527 2255 i

286 2296 427 2373 sceris,
446 2295 695 2379 ignominiae
718 2294 858 2361 uiduit
843 2295 945 2359 tatis
966 2298 1059 2359 tuae
1078 2313 1152 2359 non
1173 2292 1252 2358 eris
1272 2311 1432 2358 mernor.
1526 2296 1527 2371 l

287 2401 473 2484 quoniam
501 2421 574 2485 ego
608 2420 694 2467 sum
722 2400 918 2478 dominus,
953 2400 1020 2482 qui
1053 2400 1134 2465 feci
1163 2405 1210 2467 te
1245 2399 1431 2464 dominus

286 2526 425 2573 nomen
454 2508 490 2571 ci
518 2512 567 2585 et,
602 2508 670 2590 qui
697 2507 882 2585 emitte,
914 2508 1004 2591 ipse
1033 2507 1129 2571 deus
1158 2506 1321 2571 Israhel
1356 2506 1431 2571 uni·
1526 2506 1527 2613 p

286 2633 429 2679 uersae
452 2618 586 2679 torrae
610 2613 837 2681 uocabitur.

197 2716 283 2783 Vld
328 2720 399 2785 Nou
423 2720 583 2800 nouimus,
612 2722 688 2803 quid
711 2721 750 2785 de
771 2720 980 2787 traditoribus
1004 2720 1129 2799 dicat‚rs
1153 2738 1234 2802 quos
1257 2738 1430 2802 numquam
1447 2742 1469 2779 ιο

286 2829 482 2906 conuincam,
521 2848 695 2912 numquam
731 2827 896 2895 ostendere
932 2828 1094 2911 potuistis.
1135 2848 1196 2893 non
1234 2826 1317 2904 dico,
1360 2826 1431 2908 quia
1526 2846 1527 2915 p

284 2935 386 3000 uestri
408 2935 516 3018 potius
539 2936 572 3000 in
595 2936 654 3001 tali
672 2936 801 3001 crimine
821 2935 937 3001 detecti
961 2938 994 3000 et
1015 2934 1152 2999 confessi
1174 2934 1428 3008 manifestantur;

285 3041 362 3125 quid
390 3041 430 3107 ad
456 3061 514 3107 nos
541 3042 679 3126 pertinet
706 3040 745 3105 de
772 3041 904 3107 sarcinis
933 3040 1057 3118 alienis,
1086 3040 1148 3105 nisi
1174 3043 1221 3119 ut,
1251 3058 1332 3123 quos
1361 3058 1429 3123 pos·

285 3167 408 3226 sumus,
433 3150 629 3233 corrigamus
652 3147 707 3213 uel
735 3148 930 3231 correptione
954 3148 1008 3212 uel
1035 3165 1235 3230 quacumque
1262 3147 1429 3230 disciplina
1526 3142 1527 3233 l

283 3257 316 3321 in
349 3256 463 3339 spiritu
495 3255 749 3321 mausuetudinis
783 3258 815 3321 et
847 3254 1012 3340 diligentia
1044 3254 1196 3332 caritatis,
1220 3272 1302 3337 quos
1325 3259 1427 3319 autem
1445 3278 1467 3316 a
1526 3258 1527 3317 ζ

284 3364 440 3448 corrigere
467 3380 529 3426 non
556 3362 713 3441 ualemus,
741 3361 838 3427 etiam
866 3362 895 3427 si
921 3362 1097 3428 necessitas
1127 3361 1215 3445 cogit
1240 3380 1298 3443 pro
1327 3360 1427 3426 salute
1526 3340 1527 3427 i

284 3474 471 3548 ceterorum,
495 3472 533 3533 ut
551 3469 599 3534 dei
624 3472 821 3534 sacramento
836 3470 1001 3535 nobiscum
1021 3468 1266 3547 communicent,
1290 3468 1426 3551 peccatis

371 3733 390 3786 4
407 3732 452 3786 Es.
472 3733 514 3795 54,
537 3732 605 3786 1-5

320 3877 333 3930 1
354 3874 452 3930 ductus
470 3877 523 3945 est]
544 3878 587 3928 est
604 3876 688 3943 (esp.)
708 3873 806 3928 ductus
825 3876 868 3927 est
884 3873 912 3927 P
982 3873 1115 3929 tundente
1134 3872 1164 3928 F
1211 3874 1228 3927 2
1247 3890 1319 3945 quae
1337 3891 1386 3929 orn.
1400 3876 1425 3927 A
1526 3866 1527 3955 i

282 3963 353 4018 ade
371 3964 497 4034 passione
515 3964 574 4017 eius
592 3964 629 4016 M
698 3964 776 4017 lilii
793 3962 883 4017 MFA
957 3963 1085 4033 scriptum
1105 3966 1147 4017 ert
1165 3962 1193 4017 R
1261 3964 1383 4017 boloma
1398 3962 1425 4017 R
1526 3962 1527 3999 l

284 4053 411 4106 Saulem
428 4053 456 4106 Α
475 4053 550 4107 aulas
569 4052 738 4108 MFPRae
792 4051 881 4122 eiflge,
901 4068 970 4109 corr.
989 4056 1050 4106 m.1
1070 4052 1186 4121 conflige
1205 4050 1242 4105 M
1277 4052 1421 4122 9longins]
1526 4044 1527 4121 l

282 4141 493 4209 longenosMF
541 4142 571 4195 ll
592 4140 728 4195 demerem
747 4140 810 4196 MR
828 4142 888 4196 edd.
944 4145 1026 4211 atquc
1042 4142 1072 4194 in
1090 4140 1229 4195 sinistram
1244 4140 1271 4195 P
1323 4143 1354 4195 14
1368 4158 1422 4195 eru-
1526 4128 1527 4181 3

281 4229 376 4284 bercos
394 4230 425 4284 F
438 4246 489 4284 ceo.
512 4230 590 4301 Vuly.
647 4231 679 4284 17
699 4230 766 4285 iecit
784 4230 813 4286 R
863 4230 896 4285 18
915 4230 973 4284 eins
992 4230 1023 4284 F
1037 4231 1095 4299 flr
1111 4244 1162 4283 acc.
1187 4229 1266 4299 ναῖς.
1322 4232 1356 4285 20
1372 4246 1422 4285 non
1526 4258 1527 4261 ¹

281 4318 573 4388 nouimus-potuistis
591 4333 643 4375 om.
657 4321 685 4374 A
739 4320 775 4375 22
794 4319 908 4387 detenti,
921 4312 1225 4387 ermpoldecmti
1239 4318 1267 4374 R
1321 4320 1355 4374 ‘24
1368 4336 1421 4373 cor·
1526 4308 1527 4351 5

282 4407 405 4477 reptione
424 4408 469 4462 nel
486 4424 537 4461 om.
557 4408 594 4462 M
645 4409 680 4463 25
699 4408 843 4479 spirituum
861 4408 918 4479 (nm
937 4408 1000 4477 del.)
1019 4408 1055 4462 M
