3092 5217
489 500 753 569 epistularum
784 497 881 554 CVIII.
1198 503 1260 567 627

9 694 71 759 Ill
157 694 245 775 Quid
267 694 359 771 illud,
382 694 467 775 quod
491 693 602 758 soletis
622 694 660 758 de
685 695 874 758 sustentatis
897 694 1172 777 persecutionibus
1196 697 1263 781 glo·

112 802 209 866 clari?
237 802 264 865 si
292 804 446 884 martyres
469 820 530 865 non
554 801 632 865 facit
654 820 751 866 causa
774 801 830 865 sed
853 820 964 883 poena,
993 820 1066 866 cum
1090 802 1260 870 diceretur:

113 900 1260 991 Beati,quipersecutionompatiu'ntur,trustrae'stadditum:

112 1015 288 1097 Propter
315 1014 535 1079 iustitiam.
559 1032 659 1079 nonne
683 1034 742 1078 uos
766 1015 861 1078 etiam
886 1014 916 1077 iu
940 1014 1001 1079 hoc
1024 1014 1119 1080 titulo
1143 1016 1262 1100 gloriae

84 1121 371 1186 aMaximianistae
394 1121 544 1186 facillime
568 1122 710 1196 uincunt,
731 1121 786 1203 qui
805 1121 1057 1203 persecutionem
1076 1142 1137 1187 non
1158 1124 1263 1187 solnm

113 1220 229 1311 pos'tea
255 1227 424 1292 uobiscum
453 1228 509 1292 sed
535 1228 623 1309 prius
648 1230 681 1291 et
708 1246 727 1291 a
749 1227 842 1291 uobis
868 1228 1088 1310 pertulerunt?
1116 1228 1264 1294 aduocati

113 1335 297 1399 acousantIs
328 1334 556 1400 Maximianum
592 1339 700 1400 uestro
733 1334 856 1417 collega
891 1338 1057 1416 praesente
1089 1335 1262 1414 Restituto,

114 1440 227 1522 quiin
255 1440 361 1505 locum
385 1440 474 1505 Salui
496 1440 754 1505 Membressitani
783 1459 854 1503 cum
882 1440 995 1504 ceteris
1022 1440 1087 1504 illis
1116 1440 1263 1506 undecim

114 1547 185 1611 sine
204 1546 356 1611 dilatione
374 1547 525 1624 damnati,
549 1550 720 1628 antequam
744 1546 811 1628 ipse
832 1546 899 1612 dies
919 1546 1081 1611 dilatIonis
1104 1549 1263 1627 transiret,

73 1680 98 1719 ro
113 1654 180 1717 iam
197 1652 303 1717 fuerat
321 1653 494 1728 ordinatus,
518 1653 617 1717 uerba
635 1655 721 1731 sunt,
741 1672 821 1735 quae
840 1651 902 1715 ianr
921 1653 1016 1736 paulo
1036 1656 1108 1717 ante
1127 1673 1263 1719 comme

115 1760 251 1825 morani.
274 1760 418 1824 Titianus
443 1760 537 1823 etiam
560 1761 621 1823 iam
646 1758 697 1823 die
719 1759 791 1841 ipso
815 1758 976 1824 dilationis
999 1763 1157 1824 transacto
1181 1761 1264 1826 Feli·

116 1867 245 1931 oianum
286 1870 319 1931 et
352 1868 598 1942 Praetextatum,
640 1869 741 1931 totam
781 1866 884 1949 ipsam
927 1868 1035 1930 contra
1070 1866 1264 1932 Primianum

116 1972 383 2054 conspiratIonem
410 1972 517 2037 uerbis
546 1970 747 2056 grauissimis
771 1971 945 2035 accusauit.
975 1972 1144 2036 concilium
1168 1974 1264 2037 etiam

117 2075 296 2164 Bagatense
323 2100 384 2145 non
412 2081 512 2144 semel
540 2080 640 2164 gestis
663 2078 942 2161 proconsularibus
967 2096 1003 2142 ac
1027 2077 1139 2143 deinde
1162 2081 1264 2144 muni-

74 2214 100 2253 ra
117 2188 277 2269 cipalibus
305 2186 477 2271 allegatum
502 2189 561 2261 est,
590 2186 725 2250 excitata
750 2184 880 2263 iudicia,
907 2185 1094 2266 impetratae
1117 2187 1265 2251 minacis·

118 2294 220 2359 simae
242 2294 411 2371 iussiones,
438 2294 636 2377 postulatum
660 2295 755 2374 atque
778 2296 983 2375 praeceptum
1007 2294 1067 2369 est,
1095 2293 1134 2356 ad
1158 2294 1264 2358 coher-

117 2402 269 2466 citionem
277 2402 462 2466 resistentes
472 2399 728 2483 perducerentur,
742 2398 941 2479 impertitum
952 2398 1104 2477 officium,
1115 2418 1266 2465 concessa

118 2510 235 2574 auxilia
254 2509 433 2585 ciuitatum,
452 2527 508 2590 per
527 2526 606 2589 quae
625 2506 668 2579 id,
689 2505 773 2587 quod
792 2504 966 2569 iudicatum
987 2508 1046 2581 est,
1070 2506 1263 2588 impleretur.

117 2618 196 2699 quid
225 2636 299 2701 ergo
327 2615 492 2679 nobiscum
522 2614 560 2677 de
587 2612 721 2676 tolerata
752 2612 970 2693 persecutione
999 2612 1180 2695 confligitis,
1210 2614 1264 2694 qui

71 2724 283 2789 anobiscum
320 2722 384 2786 ista
419 2740 480 2787 non
518 2739 617 2803 aequo
651 2720 719 2784 iure
752 2719 943 2783 diuisimusl
980 2738 1053 2783 cum
1087 2720 1169 2782 enim
1202 2738 1264 2783 non
1336 2744 1343 2759 ·

113 2848 251 2912 semper,
280 2830 333 2910 qui
360 2829 614 2911 persecutionem
643 2827 791 2903 sustinet,
814 2828 979 2909 perueniat
1006 2826 1046 2889 ad
1072 2826 1264 2906 passionem,

113 2937 162 3000 sic
189 2936 274 3000 inter
300 2955 357 3000 nos
382 2937 632 3017 composuerunt
658 2933 766 2998 clerici
790 2934 822 2995 et
846 2932 1124 2997 Circumcelliones
1154 2932 1264 3009 uestri,

113 3046 152 3107 ut
180 3062 240 3107 uos
268 3042 530 3126 persecutionem,
563 3060 621 3105 nos
648 3040 829 3123 passionem
858 3038 1100 3103 sustineremus.
1134 3039 1200 3117 sed,
1229 3042 1265 3103 ut

114 3149 190 3225 diri,
215 3170 287 3214 cum
307 3147 552 3213 Maximianistis
577 3146 615 3210 de
638 3147 701 3211 ista
724 3144 818 3209 laude
843 3148 970 3222 certate,
996 3146 1050 3227 qui
1074 3149 1183 3210 contra
1206 3164 1264 3209 uos

72 3258 251 3321 arecitant
283 3258 374 3339 gesta
406 3254 554 3333 forensia,
587 3254 642 3318 ubi
671 3273 726 3317 eos
758 3273 814 3336 per
840 3252 962 3317 iudices
990 3253 1265 3335 persecutionibus

115 3363 276 3447 agitastis,
305 3362 360 3427 sed
388 3364 481 3443 plane
510 3380 582 3425 cum
611 3360 802 3443 quibusdam
831 3380 939 3424 eorum
968 3360 1025 3423 tali
1054 3360 1265 3423 cohercitione

115 3472 267 3534 correctis
294 3473 408 3550 postea
434 3468 663 3543 concordastis,
691 3466 775 3530 unde
803 3486 860 3531 nec
888 3470 997 3531 nostra
1024 3471 1072 3530 est
1100 3466 1266 3548 desperata

207 3660 223 3712 3
243 3659 341 3713 Matth.
361 3661 388 3720 5,
410 3660 443 3713 10

152 3785 170 3836 2
189 3783 278 3837 dicere
290 3793 293 3850 ξ
305 3786 379 3836 retur
392 3782 421 3835 P
467 3785 485 3836 4
503 3783 532 3835 in
550 3782 601 3835 hoc
619 3782 701 3835 titulo
721 3782 809 3850 gloria
822 3781 850 3834 P
866 3782 894 3834 in
913 3780 993 3833 huius
1013 3779 1087 3833 tituli
1106 3778 1194 3847 gloria
1213 3777 1268 3831 VU

116 3872 193 3939 aad,
210 3871 310 3939 scripsi
325 3872 355 3925 in
373 3871 425 3925 hoc
443 3871 526 3925 titulo
546 3872 649 3941 gloriae
703 3874 720 3925 5
737 3870 968 3923 maalminianiste
983 3869 1010 3922 P
1080 3868 1226 3920 uincuntur
1240 3866 1268 3919 P

116 3961 284 4015 BSaluiim
375 3961 408 4014 10
427 3963 492 4013 sunt
509 3959 608 4013 onnP
697 3961 728 4013 11
748 3959 803 4012 iam
823 3974 873 4011 om.
898 3957 953 4011 VU
969 3956 1029 4011 edd.
1112 3954 1167 4023 die]
1189 3952 1269 4007 deP

118 4051 151 4102 12
171 4048 206 4102 de
223 4052 285 4102 tota
295 4050 356 4118 ipsa
370 4053 464 4102 contra
475 4049 635 4118 primianum
652 4048 853 4117 conspiratione
869 4046 922 4100 VU
930 4046 990 4101 edd.
1029 4045 1061 4099 13
1076 4043 1199 4097 cecilium
1215 4042 1270 4096 VU

118 4139 152 4191 14
170 4138 319 4206 uagaiensd
337 4136 366 4189 P
380 4137 509 4205 uagiense
534 4136 589 4190 VII
595 4137 652 4190 lor
669 4136 822 4204 vagaiense
832 4153 858 4187 m
941 4135 973 4188 15
994 4134 1140 4201 allegatum
1159 4130 1188 4183 P
1205 4130 1265 4183 alli-

117 4232 211 4298 gatum
236 4226 262 4280 U
331 4226 462 4295 impetrat
480 4226 678 4280 cmiuacissime
698 4225 724 4276 P
780 4226 813 4277 16
833 4224 1015 4276 cohertionem
1039 4221 1066 4275 U
1128 4220 1159 4273 17
1180 4221 1266 4287 impe-

116 4318 200 4370 ritum
219 4314 298 4370 codd.
316 4321 343 4368 ct
361 4314 427 4368 aaa.
447 4316 606 4369 coniectura
623 4315 785 4383 imperatum
802 4314 836 4367 lr
849 4312 1038 4381 imperatunre
1086 4310 1118 4363 19
1137 4308 1265 4377 tolerata]

118 4408 251 4475 imperata
266 4404 320 4458 VU
331 4404 391 4458 edd.
436 4405 470 4457 23
484 4404 624 4473 passiones
634 4402 661 4456 P
704 4404 737 4456 27
753 4402 895 4471 desperata
912 4405 954 4455 est
968 4398 994 4453 U
1006 4404 1048 4453 est
1062 4396 1267 4469 desperandam

1180 4502 1230 4555 40*
