3092 5217
279 511 342 576 706
631 507 657 560 S.
686 507 823 560 Aureli
851 507 1069 576 Augustini

277 704 398 768 ratione
412 705 533 786 percipi
549 707 707 786 oportere;
728 703 854 769 sienim
870 703 968 778 fides',
984 703 1100 786 inquis,
1117 705 1254 768 ‘sauctae
1269 702 1422 766 ecclesiae

278 831 313 876 er
333 810 556 892 disputationis
576 810 696 875 ratione
716 814 748 875 et
765 830 827 875 uon
847 830 882 874 eu
898 809 1095 874 credulitatis
1115 810 1232 892 pietate
1252 808 1423 890 adprehen-

278 919 414 995 deretur,
434 937 525 982 nemo
545 920 668 999 praeter
689 917 897 1000 philosophos
917 921 1011 998 atque
1032 919 1170 981 oratores
1193 915 1425 980 beatitudiuem

276 1025 464 1108 possideret.
488 1024 544 1088 sed
569 1024 644 1107 quia
665 1025 787 1107 placuit
811 1024 889 1101 deo’,
913 1025 1029 1106 inquis,
1053 1023 1119 1106 ‘qui
1141 1023 1288 1086 infirma
1312 1021 1426 1085 buius

252 1182 256 1190 .
278 1129 405 1195 muudi
419 1131 599 1215 elegit,ut
613 1130 864 1196 coufunderet
878 1131 1003 1198 fortia.
1019 1150 1082 1212 per
1097 1128 1308 1194 stultitiam
1324 1146 1426 1210 prae·
1462 1151 1474 1188 ⁵

279 1238 485 1303 dicationis
504 1239 633 1303 saluos
649 1237 771 1303 facere
784 1238 1062 1313 credentesnon
1072 1240 1138 1300 tam
1149 1237 1228 1300 ratio
1239 1233 1428 1317 requirenda

278 1365 374 1428 quam
392 1345 564 1410 auctoritas
584 1348 634 1408 est
651 1344 811 1426 sequenda
830 1345 1031 1409 sauctorum‘.
1051 1344 1125 1408 uide
1145 1363 1229 1427 ergo,
1250 1342 1428 1406 secuudum

278 1453 356 1516 baec
384 1453 482 1516 uerba
504 1455 560 1515 tua
582 1471 621 1515 ne
648 1451 756 1534 potius
781 1451 896 1515 debeas
924 1450 1058 1514 marimo
1083 1450 1120 1514 do
1149 1449 1208 1514 bac
1235 1469 1279 1526 re,
1308 1449 1341 1511 iu
1364 1465 1429 1528 qun

278 1558 446 1641 praecipue
464 1557 543 1622 fides
566 1559 673 1622 nostra
691 1557 849 1635 consistit,
874 1557 973 1622 solam
999 1559 1177 1620 sanctorum
1203 1555 1430 1619 auctoritatem

279 1665 370 1747 sequi
398 1683 455 1728 nec
478 1665 547 1728 eius
575 1663 810 1747 intellegentiae
834 1683 852 1726 a
879 1683 930 1727 me
955 1682 1102 1745 quaerere
1130 1662 1295 1726 rationem.
1325 1679 1431 1742 neque
1452 1689 1475 1726 n

278 1771 362 1836 enim
390 1790 462 1834 cum
495 1789 626 1852 coepero
659 1773 691 1834 te
723 1769 755 1832 iu
789 1769 868 1833 tanti
900 1769 996 1833 huius
1029 1769 1142 1832 secreti
1173 1767 1431 1850 intellegentiam

280 1881 453 1960 utcumque
471 1877 679 1954 introducere,
701 1876 795 1958 quod,
819 1876 880 1941 uisi
900 1876 978 1940 deus
1001 1875 1087 1939 intus
1112 1874 1280 1952 adiuuerit,
1301 1871 1431 1937 omniuo
1529 1922 1533 1928 .

279 2005 340 2050 uou
374 1989 495 2067 potero,
529 1984 616 2048 aliud
644 1983 827 2048 disserendo
861 1983 1003 2047 facturus
1037 2001 1109 2046 sum
1137 2001 1231 2063 quam
1259 1980 1430 2052 rationem,

279 2094 316 2156 ut
342 2097 461 2174 potero,
489 2091 681 2156 redditurus.
710 2110 805 2174 quam
834 2091 861 2154 si
890 2108 981 2153 ame
1009 2089 1062 2152 uel
1091 2107 1109 2152 a
1132 2087 1277 2170 quolibet
1299 2085 1432 2150 doctore

280 2217 341 2262 nou
360 2198 622 2262 inrationabiliter
638 2197 775 2280 flagitas,
798 2200 845 2274 ut,
866 2196 950 2278 quod
969 2195 1081 2273 credis,
1104 2194 1284 2278 intellegas,
1305 2192 1432 2275 corrige
1454 2221 1477 2256 a

281 2303 494 2368 definitionem
512 2307 611 2381 tuam,
631 2323 692 2368 nou
713 2308 750 2367 ut
767 2303 861 2367 fidem
885 2321 1027 2384 respuas,
1053 2301 1108 2366 sed
1127 2305 1165 2366 ut
1184 2321 1230 2375 ea,
1250 2318 1330 2382 quae
1353 2297 1432 2361 fidei

280 2410 428 2474 firmitate
451 2410 514 2474 iam
537 2413 637 2488 tenes,
661 2410 758 2474 etiam
781 2409 913 2475 rationis
936 2409 1007 2472 luce
1031 2407 1219 2490 conspicias.

236 2510 256 2573 3
324 2517 419 2581 Absit
446 2537 591 2598 namque,
624 2520 662 2582 ut
693 2518 753 2581 boc
780 2517 812 2581 in
846 2516 936 2580 uobis
967 2515 1044 2580 deus
1073 2515 1185 2592 oderit,
1217 2514 1248 2578 in
1278 2531 1339 2594 quo
1368 2531 1432 2576 nos

279 2624 411 2706 reliquis
439 2624 652 2688 animantibus
681 2624 918 2688 excellentiores
942 2622 1072 2688 creauit.
1100 2621 1194 2698 absit,
1221 2621 1361 2702 iuquam,
1391 2623 1435 2682 ut

279 2732 350 2796 ideo
375 2730 550 2809 credamus,
578 2731 793 2794 notationem
817 2730 1009 2811 accipiamus
1040 2728 1108 2792 siue
1132 2746 1329 2810 quaeramus
1354 2745 1433 2790 cum
1455 2753 1482 2790 a·

281 2839 377 2900 etiam
396 2837 520 2902 credere
539 2856 599 2902 nou
618 2856 798 2919 possemus,
818 2835 880 2900 nisi
898 2835 1067 2899 rationales
1088 2835 1207 2898 animas
1227 2834 1433 2898 haberemus.

280 2948 318 3006 ut
336 2961 410 3026 ergo
433 2943 463 3006 iu
484 2942 674 3024 quibusdam
697 2943 792 3006 rebus
816 2941 855 3005 ad
880 2941 1053 3005 doctrinam
1077 2942 1248 3004 salutarem
1271 2939 1433 3022 pertinen-

280 3050 378 3124 tibus,
403 3068 480 3130 qrras
508 3049 629 3112 ratione
656 3049 815 3132 percipere
844 3047 981 3112 nondum
1006 3047 1150 3111 ualemus
1178 3047 1234 3110 sed
1258 3045 1433 3129 aliquando

280 3154 470 3230 ualebimus,
502 3154 580 3217 fides
613 3154 780 3235 praecedat
810 3154 974 3230 rationem,
1008 3171 1070 3234 qua
1098 3172 1151 3217 cor
1178 3152 1355 3228 mundetur,
1389 3157 1432 3215 ut

280 3280 413 3344 maguae
427 3261 559 3324 rationis
574 3260 678 3342 capiat
693 3264 725 3324 et
747 3260 883 3341 perferat
905 3259 1021 3336 lucem,
1038 3262 1069 3323 et
1086 3259 1146 3322 boc
1165 3260 1276 3340 utique
1294 3258 1431 3322 rationis
1452 3288 1482 3326 ss,

282 3373 341 3431 est.
375 3373 407 3431 et
432 3367 503 3431 ideo
532 3367 759 3431 rationabiliter
787 3367 907 3430 dictum
937 3370 987 3430 est
1018 3385 1074 3447 per
1105 3367 1306 3448 prophetam:
1334 3363 1431 3428 Nisi

282 3473 559 3549 credideritis,
584 3493 657 3536 non
682 3472 953 3555 intellegetis.
978 3472 1035 3535 ubi
1058 3473 1167 3554 procul
1191 3471 1286 3536 dubio
1311 3470 1432 3535 discre-

282 3581 331 3645 uit
352 3581 430 3644 haec
453 3580 514 3660 duo
539 3580 686 3661 deditque
715 3579 893 3656 consilium,
919 3598 980 3660 quc
1009 3578 1095 3660 prius
1120 3578 1294 3654 credamus,
1322 3581 1359 3643 ut
1381 3577 1430 3654 id,

283 3688 366 3770 quod
380 3687 548 3759 credimus,
567 3687 749 3771 intellegere
769 3686 943 3750 ualeamus.
962 3685 1092 3767 proinde
1110 3687 1148 3749 ut
1165 3685 1243 3749 fides
1262 3686 1432 3768 praecedat

370 3912 421 3965 41
440 3913 499 3966 Cor.
522 3912 544 3976 1,
564 3913 611 3976 27,
632 3914 664 3966 21
721 3914 754 3966 26
775 3912 820 3964 Es.
841 3913 865 3972 7.
885 3913 901 3965 9
921 3929 973 3967 sec.
993 3913 1122 3982 Septuag.

318 4057 334 4108 3
354 4054 529 4124 philosophus
548 4055 575 4108 B
629 4056 647 4107 4
665 4055 753 4123 inquis
773 4053 823 4106 deo
846 4053 925 4107 OPT
942 4053 1000 4108 cdd.
1064 4054 1078 4106 7
1099 4069 1163 4122 ergo
1182 4054 1205 4105 si
1224 4051 1371 4106 secundum
1394 4054 1431 4106 T1

283 4147 317 4197 16
336 4143 527 4196 diffinitionem
547 4143 624 4196 codd.
670 4145 702 4196 19
723 4146 753 4195 ut
771 4141 843 4211 ideo]
863 4159 896 4195 ne
916 4143 976 4196 ideo
1000 4141 1050 4196 ΟΡ
1067 4143 1126 4212 (bes,
1148 4143 1262 4195 alteru-m
1284 4141 1349 4204 dcl.)
1368 4141 1424 4195 TT
1425 4145 1432 4176 ¹

283 4233 343 4286 edd.
356 4239 468 4300 praeter
481 4251 508 4285 ru
566 4233 600 4285 20
619 4233 664 4300 uc]
685 4235 715 4284 ut
737 4231 852 4286 ΟΡΤΤἱ
872 4231 931 4284 cdd.
946 4237 1060 4298 prester
1073 4247 1099 4284 τη
1153 4232 1186 4284 21
1208 4230 1388 4285 rationabiles
1412 4232 1435 4286 Ο

283 4323 317 4374 23
342 4321 461 4373 nondum
487 4321 622 4389 percipere
645 4320 668 4373 0
691 4319 751 4374 edd.
856 4321 890 4373 25
915 4321 1002 4374 lucem
1021 4320 1072 4374 hoc
1090 4321 1153 4388 (orer.
1175 4325 1212 4384 et)
1236 4319 1353 4374 OPTT¹
1372 4321 1434 4374 cdd.

283 4411 317 4462 27
331 4409 494 4478 intellegitis
504 4410 531 4462 B
567 4411 601 4462 29
616 4409 761 4462 debeamus
778 4409 854 4464 codd.
868 4409 1006 4462 ualeamus
1022 4409 1097 4475 edd,
1111 4410 1146 4476 cf.
1157 4425 1184 4464 u.
1197 4411 1236 4462 23
1247 4415 1309 4477 etp.
1325 4413 1393 4472 708,
1405 4415 1437 4463 11
