3092 5217
286 496 328 557 28
636 493 661 547 S.
691 494 830 548 Aureli
857 494 1076 563 Augustini

286 684 407 748 dicium
444 683 609 765 publicum
646 682 786 747 officium
823 685 1027 761 renuntiarit,
1061 706 1099 749 an
1131 686 1224 765 forte,
1248 687 1304 770 qui
1342 690 1432 753 missi

287 792 371 866 sunt,
395 808 456 854 non
482 789 566 872 quod
590 810 607 853 a
631 790 759 854 Victore
788 792 965 856 audierunt.
995 794 1051 856 sed
1079 794 1196 857 falsum
1233 796 1336 881 gestis
1364 815 1432 877 pro·

286 895 390 961 secuti
414 897 491 972 sint;
516 897 629 961 deinde
654 898 729 980 quid
752 897 800 961 illi
825 898 862 962 do
886 903 954 964 tota
975 899 1047 982 ipsa
1069 902 1254 982 quaestione
1272 902 1432 967 internos

287 1002 485 1068 discutienda
513 1004 685 1069 uideretur.
719 1006 852 1070 arbitror
880 1010 987 1070 autem
1010 1027 1072 1071 non
1095 1008 1232 1073 iudicem
1256 1008 1326 1073 fieri
1351 1028 1433 1086 eum,

287 1110 341 1192 qui
372 1114 510 1195 rogatur,
544 1116 581 1175 ut
613 1112 788 1197 interroget
819 1113 956 1195 aliquem
990 1118 1032 1190 et,
1066 1115 1152 1195 quod
1183 1115 1211 1179 ei
1243 1135 1434 1199 responsum
1463 1140 1474 1177 s

286 1217 391 1294 fuerit,
429 1218 601 1283 rescribere
639 1217 797 1301 dignetur.
830 1220 890 1283 boe
924 1239 997 1303 ergo
1031 1221 1127 1284 etiarn
1161 1242 1243 1286 nuno
1275 1242 1367 1307 rogo,
1400 1225 1437 1285 ut

286 1325 387 1389 facere
411 1345 472 1389 non
497 1326 648 1409 gesseris,
675 1326 749 1407 quia
770 1326 895 1389 litteras
923 1346 1021 1401 meas,
1050 1328 1134 1392 sicut
1161 1329 1257 1393 etiam
1286 1332 1436 1410 expertus

288 1452 369 1510 sirm,
403 1452 464 1496 non
497 1434 569 1496 urdt
602 1433 752 1515 accipere.
787 1431 871 1513 quod
899 1433 926 1497 si
955 1433 1122 1511 uoluisset,
1150 1453 1212 1499 non
1241 1436 1354 1517 utique
1384 1454 1438 1517 per

287 1543 374 1603 tuam
400 1539 613 1603 eximietatem
638 1539 670 1603 id
695 1558 833 1623 agerem.
862 1559 934 1603 cum
963 1544 1070 1604 autem
1097 1540 1131 1605 id
1157 1560 1219 1606 non
1247 1544 1330 1616 uult,
1361 1540 1437 1622 quid

288 1666 418 1729 possum
444 1646 553 1710 mitius
583 1666 686 1730 agere,
716 1666 810 1728 quarn
839 1650 876 1710 ut
902 1666 957 1729 per
984 1649 1026 1722 te,
1055 1648 1153 1711 talem
1180 1650 1285 1712 uirum
1315 1653 1350 1713 et
1383 1647 1437 1729 qui
1455 1668 1477 1707 n

289 1772 361 1817 eum
386 1752 505 1836 diligis,
529 1754 741 1837 interrogetur
764 1754 895 1835 aliquid,
919 1754 1003 1817 unde
1027 1774 1077 1819 me
1101 1757 1204 1819 tacere
1223 1774 1294 1819 mea
1312 1754 1438 1819 sarcina

287 1859 455 1942 probibet?
495 1860 578 1941 quod
618 1864 723 1923 aretem
762 1864 863 1923 mater
894 1880 914 1924 a
944 1860 1009 1925 filio
1047 1880 1139 1925 caesa
1174 1866 1249 1926 tuae
1282 1861 1438 1946 grauitati

289 1966 462 2047 displicuit,
487 1968 541 2031 sed
566 1968 641 2031 ‘ille‘
666 1967 773 2031 elisisti
798 1967 836 2031 ‘si
860 1967 966 2044 sciret,
991 1986 1009 2031 a
1032 1969 1253 2033 commuuione
1282 1988 1343 2033 sua
1371 1971 1437 2032 tam

289 2073 444 2137 nefarium
480 2074 629 2138 iuuenem
669 2073 887 2155 prohibiturus
926 2074 1032 2150 esset’,
1069 2074 1209 2138 breuiter
1245 2074 1437 2157 respondeo:

290 2180 381 2244 modo
407 2180 566 2265 cognouit.
591 2180 684 2245 modo
708 2180 884 2262 probibeat.
1455 2201 1478 2240 rs

244 2288 263 2349 2
331 2285 421 2349 Addo
451 2286 547 2349 etiam
575 2286 672 2349 aliud.
706 2286 919 2350 subdiaconus
945 2286 1103 2368 quondam
1127 2284 1309 2369 Spauiensis
1335 2286 1435 2350 ecole-

289 2392 353 2455 siae
381 2393 536 2456 uocabulo
565 2392 691 2456 Primus
721 2411 794 2456 cunr
823 2392 860 2455 ab
890 2411 1020 2456 accessu
1049 2392 1283 2475 indisciplinato
1317 2391 1435 2456 sancti·

219 2552 221 2559 ,
288 2499 472 2563 monialium
515 2498 733 2579 prohiberetur
773 2502 868 2580 atque
907 2498 1050 2562 ordinata
1086 2503 1117 2563 et
1154 2518 1230 2564 sana
1265 2502 1434 2581 praecepta

288 2608 513 2681 contemneret,
538 2626 555 2668 a
579 2605 731 2669 clericatu
754 2609 896 2669 remotus
920 2609 970 2669 est
993 2608 1024 2668 et
1051 2606 1120 2688 ipse
1147 2606 1294 2670 inritatus
1324 2606 1435 2669 aduer-

288 2730 343 2775 sus
367 2711 564 2794 disciplinam
591 2711 642 2775 dei
666 2712 830 2775 transtulit
853 2730 887 2775 se
911 2711 950 2774 ad
973 2711 1046 2775 illos
1071 2715 1103 2775 et
1129 2712 1343 2794 rebaptizatus
1373 2712 1434 2774 est.
1451 2730 1476 2769 20

288 2818 366 2882 duas
391 2818 485 2882 etium
510 2819 765 2882 sanctimoniales
790 2820 978 2883 concolonas
1006 2837 1080 2881 suas
1109 2817 1147 2881 de
1176 2818 1272 2881 fundo
1301 2816 1435 2883 catholi-

288 2945 396 2989 corum
422 2924 674 2990 Christianorum
699 2925 767 2988 siue
790 2924 875 2988 idem
898 2923 1064 2990 transtulit
1090 2924 1159 2987 siue
1187 2922 1278 2985 illum
1304 2925 1435 2985 secutae

289 3033 384 3095 etiam
417 3032 503 3113 ipsae
536 3036 640 3095 tamen
668 3032 881 3113 rebaptizatae
908 3033 983 3095 sunt
1011 3033 1043 3094 et
1070 3048 1151 3093 uerno
1180 3049 1253 3093 cum
1281 3028 1434 3113 gregibus

289 3135 584 3203 Circumcellionnm
624 3137 704 3200 inter
735 3136 942 3219 uagabundos
976 3155 1089 3219 greges
1122 3134 1320 3211 feminarum,
1354 3152 1435 3217 quae

288 3246 433 3325 proterue
466 3243 597 3307 maritos
630 3242 743 3306 habere
776 3242 957 3317 noluerunt,
989 3261 1027 3306 ne
1055 3243 1193 3307 babeant
1220 3241 1435 3323 disciplinam,
1453 3274 1479 3311 25

324 3434 493 3501 *Zprerseeuti
512 3450 538 3487 m
627 3434 726 3487 3sunt
745 3433 781 3485 M
798 3437 874 3498 (eet)
892 3433 958 3497 sint)
977 3432 1087 3486 FAPR
1107 3451 1124 3485 a
1204 3433 1263 3501 ipsa
1280 3433 1313 3484 io
1326 3433 1388 3500 fiee
1406 3448 1434 3485 u.

288 3540 338 3576 oni.
357 3522 395 3575 M
446 3519 662 3589 bergoom.1l
718 3522 805 3572 lnon
824 3520 968 3588 negaueris
987 3518 1017 3572 F
1069 3520 1163 3589 etiam]
1183 3520 1237 3572 iam
1255 3518 1293 3572 M
1344 3518 1432 3588 aqui,

289 3628 356 3665 cerr.
376 3614 435 3663 cel
454 3608 518 3677 quid
538 3608 568 3662 F
584 3608 656 3677 quod
675 3612 701 3662 A
721 3602 787 3677 ‘quid
807 3608 880 3661 aliud
898 3608 925 3663 R
1006 3610 1036 3662 ll
1058 3608 1156 3677 aliquis
1175 3610 1202 3661 A
1281 3609 1314 3661 14
1333 3609 1433 3666 uirum,

288 3703 348 3753 m.1
365 3716 453 3767 sopra
471 3699 484 3751 l
502 3698 626 3750 iuuenem
645 3697 673 3751 R
736 3696 768 3750 16
788 3696 898 3765 quidam
916 3696 944 3751 R
1016 3697 1180 3765 spamiensis
1200 3696 1235 3749 M
1297 3698 1329 3749 17
1350 3696 1432 3750 disci·
1533 3731 1534 3740 r

288 3787 400 3856 plicato.
420 3802 487 3843 corr.
507 3790 567 3839 ml
585 3785 787 3854 indisciplinato
806 3785 843 3838 M
888 3786 920 3838 19
941 3803 956 3838 a
975 3784 1131 3839 clericatur·
1152 3788 1191 3851 (re
1211 3790 1293 3850 eree.)
1312 3790 1432 3837 remotus

287 3876 323 3929 M
341 3894 356 3930 a
376 3877 504 3930 clericatu
522 3878 641 3929 remotus
663 3878 700 3937 (re
719 3876 750 3927 in
764 3891 820 3927 ras.
835 3891 868 3927 m.
883 3880 914 3927 ut
928 3874 986 3929 uid.
1002 3875 1025 3941 1)
1040 3872 1083 3939 F;
1097 3891 1113 3926 a
1127 3874 1287 3927 clericature
1300 3878 1391 3926 motus
1405 3875 1431 3926 A

288 3967 323 4019 20
342 3970 370 4019 et
388 3982 438 4019 ona
454 3965 481 4019 R
535 3966 688 4034 baptizatus
703 3964 729 4016 A
766 3966 798 4016 21
820 3964 991 4018 cumeolonas
1011 3966 1087 4031 (Μ
1105 3964 1277 4029 concolonas)
1298 3980 1360 4016 suas
1372 3962 1434 4016 MP

289 4054 459 4108 cumeolonas
479 4070 540 4107 suas
559 4053 611 4106 Fi
638 4070 697 4107 cunr
717 4053 820 4105 colonis
840 4053 895 4105 suis
913 4051 993 4106 Rae
1012 4052 1054 4116 (in
1072 4069 1157 4120 esterp.
1177 4051 1338 4105 concolonas
1357 4059 1430 4104 suast

289 4142 353 4194 23
346 4157 404 4210 ipse
423 4140 478 4193 FP
500 4145 575 4207 (m.2
597 4142 666 4211 ipset
776 4140 944 4210 rebaptizate
967 4141 1032 4194 MF
1050 4139 1253 4212 rebaptizate(
1255 4165 1287 4185 ω
1307 4146 1387 4204 eres.)
1377 4140 1434 4204 >P

289 4233 323 4284 24
343 4230 556 4284 cercieeilionum
575 4230 663 4283 MFA
704 4233 738 4285 25
757 4233 884 4299 proterue
904 4232 946 4298 (ie
963 4246 1019 4283 ras.
1039 4248 1073 4283 ea.
1084 4236 1110 4297 1)
1129 4232 1241 4284 maritos
1259 4231 1291 4285 F
1306 4233 1431 4301 proteruc
1524 4185 1535 4298 i

1533 4390 1535 4419 Ι

289 4320 399 4372 naritos
420 4320 446 4372 A
469 4322 613 4389 propterue
637 4337 653 4373 a
677 4322 714 4387 (m
688 4320 783 4373 m.2'
776 4336 803 4372 rn
828 4335 911 4387 super
929 4324 955 4383 a)
974 4318 1086 4371 maritos
1104 4318 1141 4371 M
1158 4323 1303 4390 propterea
1319 4320 1431 4372 maritos

288 4410 316 4462 P
333 4406 392 4462 ede.
