3092 5217
639 457 665 513 S.
693 457 834 512 Aureli
857 458 1073 528 Augustini

800 652 897 719 XCV.

275 793 429 852 DOlllINlS
453 792 657 851 clnlssnns
680 793 725 848 ΕΤ
745 791 1018 857 smcunlssmls,
1038 792 1189 850 sancus
1207 794 1256 848 ET
1273 793 1422 850 Dasme-
1519 844 1520 865 ¹

275 883 468 938 RABILIBUS
500 883 545 938 ΕΤ
575 882 868 939 VENERABILIBUS
898 881 1103 938 FRATRIBUS
1135 883 1204 940 SUB
1236 882 1422 939 maranno

275 971 423 1029 DOMINO
441 969 525 1027 IESU
545 968 823 1026 CONDISCIPULIS
841 969 1003 1026 PAULINO
1022 971 1068 1025 ΕΤ
1086 970 1294 1027 THERASIAE
1311 970 1424 1027 AUGU-

575 1059 704 1114 STINUS
723 1059 764 1114 IN
782 1058 929 1114 DOMINO
950 1059 1128 1115 SALUTEM.
1450 1106 1463 1146 Β

235 1180 251 1241 l
322 1187 402 1256 Cum
421 1206 481 1253 uos
504 1188 617 1253 fratres
636 1186 737 1252 nostri
755 1185 1012 1252 coniunctissimi
1033 1186 1137 1266 nobis,
1160 1206 1240 1270 quos
1257 1187 1426 1254 nobiscum

277 1295 447 1362 desiderati
472 1293 648 1359 desiderare
673 1296 705 1358 et
728 1292 860 1358 salutati
881 1292 1056 1358 resalutare
1079 1295 1268 1372 consuestis,
1298 1294 1427 1360 assidue

277 1403 398 1481 uident,
434 1421 496 1468 non
532 1403 596 1466 tam
634 1402 792 1482 augentur
827 1400 910 1466 bona
945 1402 1054 1466 nostra
1095 1418 1191 1482 quam
1222 1403 1428 1467 consolantur

277 1511 369 1576 male.
396 1529 469 1576 uam
496 1509 584 1594 ipsas
608 1524 720 1573 causae
744 1509 778 1572 et
799 1507 1020 1585 necessitates,
1048 1506 1165 1590 quibus
1192 1511 1300 1592 petere
1327 1511 1428 1574 uana-

277 1617 397 1683 marina
433 1618 600 1700 coguntur,
641 1633 702 1678 non
744 1631 901 1691 amamus,
940 1612 1040 1680 immo
1081 1614 1178 1679 otiam
1214 1614 1344 1681 odimus
1387 1619 1425 1692 et,
1443 1641 1466 1679 o

278 1727 430 1807 quantum
467 1721 623 1797 ualemus,
656 1719 799 1785 deuitare
830 1737 982 1785 conamur
1013 1722 1046 1785 et
1081 1723 1188 1786 tamen
1223 1721 1332 1786 nescio
1365 1741 1427 1805 quo

278 1829 383 1908 modo,
406 1828 499 1894 credo
518 1846 574 1911 pro
593 1826 716 1892 meritis
735 1826 867 1904 nostris,
890 1825 1001 1892 deesse
1019 1845 1080 1892 non
1104 1831 1253 1910 possunt3
1278 1827 1337 1908 sed
1355 1847 1427 1894 cum

279 1936 318 2000 ad
337 1955 396 2001 uos
415 1935 549 2000 ueniunt
567 1938 599 1999 et
617 1933 728 2000 uident
747 1952 817 2013 uos,
840 1932 887 2011 fit,
911 1932 998 2015 quod
1014 1933 1172 2018 scriptum
1196 1938 1259 2000 est:
1284 1934 1428 2001 Secun-

280 2043 368 2108 dum
397 2040 707 2106 multitudinem
732 2040 917 2106 dolorum
939 2059 1115 2107 meorum
1137 2042 1176 2106 iu
1201 2042 1321 2107 corde
1344 2062 1425 2107 meo

280 2149 589 2214 exhortationes
617 2151 711 2212 tuae
737 2147 1072 2213 iucundauerunt
1099 2148 1465 2214 animammeam.1s

280 2255 409 2338 proinde
427 2254 466 2320 ad
484 2253 581 2321 istam
603 2253 770 2331 laetitiam,
795 2271 857 2336 qua
874 2253 1043 2318 uobiscum
1063 2257 1113 2320 est
1135 2254 1233 2320 frater
1249 2255 1427 2332 Possidinn,

281 2382 353 2428 cuum
382 2381 419 2426 er
444 2363 515 2445 ipso
544 2360 718 2438 audieritis,
747 2379 844 2443 quam
870 2360 974 2427 tristis
1002 2380 1075 2427 eum
1104 2380 1201 2427 causa
1227 2362 1427 2446 compulerit

281 2470 341 2534 hoc
368 2489 419 2534 me
447 2467 614 2534 uerissime
642 2467 745 2533 dicere
775 2469 985 2553 cognoscetis.
1014 2472 1180 2535 ettamen
1209 2470 1238 2534 si
1259 2469 1429 2552 quisquam

281 2579 425 2642 nostrum
453 2579 581 2660 propter
607 2575 668 2640 hoc
695 2575 801 2640 solum
827 2576 889 2641 iret
914 2578 1001 2641 trans
1024 2595 1121 2653 mare,
1149 2581 1187 2641 ut
1208 2580 1319 2641 uestra
1345 2595 1428 2660 prae

283 2682 385 2749 sentia
412 2683 579 2760 frueretur,
607 2681 765 2764 quidhoc
789 2700 887 2747 causa
907 2682 1037 2761 iustius,
1065 2682 1143 2764 quid
1170 2686 1281 2767 posset
1304 2683 1428 2768 dignius
1443 2705 1467 2744 a

281 2790 438 2856 inueniri?
471 2789 527 2855 sed
558 2789 593 2853 id
619 2789 748 2854 uincula
775 2792 884 2854 nostra
910 2807 970 2855 nou
998 2789 1125 2866 dement,
1160 2789 1277 2872 quibus
1306 2789 1428 2874 religati

284 2917 394 2962 sumus
431 2895 625 2961 infirmorum
664 2895 783 2961 seruire
822 2896 1029 2979 languoribus
1065 2915 1125 2962 nec
1163 2914 1217 2962 eos
1253 2895 1429 2980 praesentia

284 3003 439 3085 corporali
465 3003 651 3086 relinquere,
684 3001 745 3067 nisi
773 3021 846 3067 cum
878 3001 939 3068 hoc
967 3006 1086 3086 cogunt
1111 3005 1201 3068 tanto
1228 3000 1428 3086 imperiosius

234 3107 236 3112 ’
284 3117 400 3192 quanto
437 3108 646 3191 periculosius
679 3109 882 3193 aegrotando.
919 3111 1026 3174 utrum
1058 3127 1260 3174 exerceamur
1295 3109 1357 3190 his,
1391 3127 1427 3172 an

284 3216 391 3300 potius
406 3217 593 3298 plectamur,
612 3215 730 3295 nescio,
745 3214 807 3281 nisi
826 3215 911 3298 quod
929 3235 1004 3280 non
1023 3216 1246 3282 secundum
1263 3219 1467 3298 paccatas

376 3462 407 3516 13
426 3461 471 3514 Pa.
491 3461 534 3526 93,
554 3460 588 3514 19
643 3461 677 3515 25
696 3459 740 3514 Ps.
760 3460 822 3525 102,
843 3459 876 3514 10

498 3602 526 3655 Ρ
551 3625 585 3647 =
604 3601 662 3656 aad.
682 3601 834 3655 Parisinus
850 3617 916 3656 aaa.
936 3617 994 3669 aeq.
1014 3603 1091 3654 1672
1108 3617 1130 3654 s.
1150 3601 1205 3653 IX.

508 3690 531 3742 V
553 3715 587 3738 =
606 3690 664 3745 cod.
689 3690 845 3744 Vaticanus
866 3691 925 3743 495
941 3706 963 3743 s.
982 3687 1048 3743 XV.

503 3780 531 3835 U
553 3805 586 3826 =
606 3779 665 3836 aad.
688 3779 846 3833 Vaticanum
867 3780 926 3831 499
943 3794 964 3832 a.
984 3777 1051 3832 XV.

376 3869 567 3924 Leuce-aienses
591 3869 665 3923 hanc
690 3868 894 3937 spalatensis
918 3883 976 3923 aaa
1006 3867 1145 3923 Vaticana
1171 3867 1322 3937 exemplari
1344 3869 1426 3932 (495)

286 3965 421 4028 repertam
434 3959 522 4028 prinei
540 3959 691 4013 ediderunt.

326 4103 341 4154 2
361 4099 574 4167 desiderabibus,
594 4116 662 4154 corr.
682 4104 742 4154 m.1
760 4097 987 4153 desiderabilibus
1005 4098 1033 4152 P
1111 4099 1251 4167 4tyrasie
1268 4098 1295 4151 P
1351 4097 1425 4150 las·

289 4190 365 4260 sidua¹
381 4191 407 4243 P
455 4192 472 4244 9
487 4187 727 4259 quibus-odimus
742 4203 793 4241 om.
813 4187 869 4242 Va
880 4186 941 4242 eda.
993 4187 1025 4240 12
1046 4185 1124 4240 credo
1142 4203 1193 4256 pro
1211 4187 1313 4241 meritis
1329 4185 1425 4238 nostris

288 4294 339 4333 om.
363 4276 390 4331 U
457 4281 572 4348 possunt
591 4281 620 4340 (u
639 4293 672 4330 ea
690 4291 759 4329 carr.
779 4293 813 4331 m.
832 4274 941 4330 ataid.
959 4274 986 4343 1)
1003 4274 1032 4328 P
1099 4275 1132 4328 13
1152 4273 1187 4328 ad
1205 4291 1255 4328 nos
1272 4273 1381 4328 ueniunt
1398 4277 1426 4325 et

288 4368 383 4420 uident
401 4383 451 4420 nos
475 4363 529 4419 VU
547 4365 605 4420 edd.
662 4363 873 4434 20hac]acP
925 4364 957 4417 21
977 4363 1018 4432 id]
1036 4362 1114 4417 eaP
1177 4423 1182 4434 ι
