3092 5217
277 486 342 549 602
636 488 663 542 S.
690 487 829 542 Aureli
857 490 1073 557 Augustini
1532 440 1533 511 i

275 681 354 746 haee
378 686 445 745 erat
467 680 535 747 eius
563 681 772 766 praedicanda
798 684 932 761 iustitia,
961 704 1054 768 quam
1080 687 1297 769 supplicantes
1321 688 1422 771 Roga·

275 788 382 853 tiauus
419 792 452 854 et
487 789 621 854 Pontius
662 789 874 855 laudauerunt
911 792 1051 857 dieentes
1092 793 1213 857 homini
1249 796 1422 877 apostatae,

276 895 362 976 quod
389 896 472 980 apud
500 915 574 961 eum
601 898 671 961 sola
696 898 821 963 iustitia
853 900 984 964 haberet
1014 899 1131 965 locum.
1163 900 1238 965 huie
1266 900 1425 965 suecessit
1532 916 1533 971 ξ

274 1002 437 1081 lanienas,
461 1003 683 1085 quiquoniam
703 1004 766 1069 aito
786 1008 932 1071 mortuus
952 1010 1011 1085 est,
1030 1008 1109 1071 nihil
1129 1007 1166 1071 de
1190 1008 1285 1073 rebus
1306 1007 1424 1071 talibus
1532 1038 1533 1081 i

275 1107 381 1173 iussit.
405 1108 518 1174 deinde
540 1110 794 1188 Valentinianum
823 1113 932 1196 legite,
956 1132 1036 1196 quae
1064 1117 1172 1179 eontra
1199 1132 1258 1180 uos
1282 1115 1425 1180 iusserit.
1453 1137 1464 1174 s
1532 1118 1533 1207 ᾗ

275 1215 348 1279 inde
372 1214 543 1283 Gratianus
567 1222 600 1283 et
622 1218 834 1295 Theodosium
864 1220 972 1305 legite,
997 1221 1121 1304 quando
1145 1222 1257 1301 uultis,
1282 1240 1366 1305 quae
1391 1222 1426 1285 da
1532 1216 1533 1269 l

276 1322 368 1388 nobis
397 1323 628 1389 constituerint.
661 1326 740 1407 quid
772 1346 846 1411 ergo
880 1328 918 1391 de
950 1327 1025 1393 filiis
1053 1328 1222 1393 Theodosii
1254 1328 1426 1405 miramini,
1532 1342 1533 1351 ¹

276 1429 369 1511 quasi
392 1430 479 1495 aliud
501 1430 534 1494 in
562 1430 621 1496 hae
649 1450 747 1497 eausa
773 1434 865 1516 sequi
893 1434 1079 1513 debuerunt,
1104 1454 1199 1518 quarn
1223 1433 1428 1501 Constantini

275 1534 432 1601 iudicium
463 1557 519 1620 per
549 1541 600 1603 tot
632 1537 829 1605 Christianos
861 1540 1068 1625 imperatores
1099 1541 1281 1609 firmissime
1321 1545 1427 1607 custo-

277 1641 402 1706 ditum?
1444 1670 1464 1707 l
1532 1652 1533 1725 3

212 1758 252 1819 10
318 1750 370 1814 Ad
388 1749 630 1817 Constantinum
649 1756 768 1831 autern,
792 1754 878 1819 sicot
896 1753 1043 1833 diximus,
1067 1754 1152 1821 siout
1171 1755 1275 1833 uobis
1301 1755 1425 1838 quando
1532 1760 1533 1827 i

275 1857 357 1921 uult'
334 1861 388 1934 t,rs
413 1857 441 1921 si
463 1860 569 1924 tamen
592 1860 758 1943 ignoratis,
783 1861 992 1938 ostendimus
1016 1862 1152 1927 maiores
1175 1863 1277 1928 uestri
1296 1882 1426 1933 canaam

277 1963 446 2030 Caeciliani
478 1967 527 2030 ult
513 1969 562 2031 tro
595 1966 787 2033 detulerunt.
820 1968 950 2033 defunct
936 1973 989 2033 tus
1022 1973 1071 2035 est
1098 1968 1338 2046 Constantinus,
1373 1970 1427 2033 sed

275 2071 430 2137 iodicium
463 2071 661 2139 Constantini
696 2080 805 2140 eontra
840 2095 898 2141 nos
935 2076 1028 2153 uiuit
1066 2095 1129 2158 quo
1161 2076 1262 2141 uestri
1296 2094 1426 2141 oausam
1532 2060 1533 2165 i

275 2178 441 2255 miserunt,
479 2180 564 2263 apud
596 2200 690 2265 quern
718 2182 841 2247 iudices
875 2184 1040 2266 episcopos
1073 2174 1355 2266 reprehenderunt,
1389 2183 1426 2247 od
1444 2200 1464 2239 n

276 2306 372 2369 quem
395 2306 413 2351 a
435 2286 594 2352 iudicibus
618 2288 778 2371 episeopis
797 2290 1047 2372 appellauerunt,
1071 2308 1165 2371 quem
1189 2288 1427 2355 taediosissime
1532 2290 1533 2367 l

277 2394 316 2459 de
334 2394 441 2459 Felice
459 2394 677 2479 Aptungitano
700 2396 995 2479 interpellauerunt
1020 2415 1038 2460 a
1061 2415 1123 2479 qno
1147 2396 1266 2461 totiens
1286 2394 1426 2461 cosmati

277 2504 311 2565 et
333 2500 458 2565 confusi
480 2501 641 2565 redierunt
664 2506 696 2567 et
719 2522 738 2566 a
758 2503 897 2585 pernicie
921 2503 1036 2568 luroris
1055 2504 1088 2567 et
1110 2502 1325 2567 animositatis
1351 2520 1426 2567 suae
1532 2482 1533 2523 ἶ

277 2626 338 2671 non
361 2612 561 2672 recesserunt
584 2627 716 2690 eamque
744 2609 838 2673 uobis
865 2609 1001 2692 posteris
1032 2610 1100 2675 suis
1127 2608 1352 2674 hereditariam
1381 2627 1425 2672 re-

275 2715 446 2796 liquerunt,
477 2719 516 2778 ut
545 2718 612 2779 tam
646 2714 834 2797 inpudenter·
866 2716 905 2781 de
939 2716 1135 2783 iussionibus
1170 2714 1424 2781 Christianorum
1441 2734 1464 2775 ao

274 2821 500 2904 imperatorum
539 2822 664 2886 faciatis
695 2820 860 2899 inuidiam,
899 2840 982 2901 oiim,
1021 2823 1050 2888 si
1081 2822 1174 2887 uobis
1206 2822 1328 2902 liceret,
1362 2842 1423 2887 non
1532 2872 1533 2891 n

275 2928 401 3009 quidem
435 2930 498 2993 iam
531 2926 775 2993 Constantinum
808 2928 1033 3007 Christianum,
1061 2929 1136 3012 quia
1167 2930 1296 2993 ueritati
1330 2929 1422 2998 fauit.

275 3039 468 3099 centenos
495 3035 749 3117 interpellaretis,
778 3034 833 3099 sed
861 3038 1038 3119 apostatam
1061 3036 1221 3101 Iulianum
1250 3036 1288 3101 ab
1312 3036 1422 3100 inieris
1532 3046 1533 3105 i

274 3142 464 3217 excitaretis,
479 3142 569 3223 quasi
584 3159 670 3217 uero,
686 3140 714 3205 si
733 3139 853 3223 aliquid
867 3142 931 3206 tale
947 3142 1154 3226 contingeret,
1170 3145 1255 3206 esset
1268 3160 1422 3225 magnum

272 3250 393 3313 malum
420 3248 481 3314 nisi
509 3247 611 3313 uobis.
645 3266 726 3330 quae
755 3250 806 3312 est
832 3246 916 3311 enim
943 3247 1032 3330 peior
1060 3266 1145 3313 mora
1173 3248 1295 3312 animae
1324 3266 1421 3331 quam
1438 3268 1462 3307 aa

271 3354 402 3419 libertas
426 3356 561 3420 erroris?

137 3452 185 3517 ῙΠ
206 3454 244 3517 ll
316 3461 379 3527 Sed
406 3462 470 3526 iam
497 3462 648 3527 tollamus
680 3462 743 3526 ista
771 3460 877 3526 omnia
906 3460 944 3525 de
972 3460 1090 3535 medio;
1124 3478 1266 3524 amemus
1294 3478 1417 3542 pacem,

307 3690 319 3742 l
340 3687 547 3758 praedicandadi
566 3692 675 3757 (parua
692 3689 761 3755 roa.)
780 3689 807 3740 A
862 3686 1022 3757 rogationis,
1040 3702 1109 3741 conr.
1129 3690 1190 3740 m.1
1210 3686 1371 3755 rogatianus
1391 3687 1417 3738 A

269 3778 285 3831 2
305 3794 322 3831 a
339 3780 478 3847 potestate
496 3776 527 3830 F
542 3778 704 3846 apo-astate,
722 3779 789 3829 Μ)
807 3778 962 3847 apos-state
983 3776 1024 3841 (ia
1041 3790 1097 3829 roa.
1116 3775 1173 3843 fuit
1191 3776 1230 3845 te)
1248 3775 1276 3828 P
1330 3775 1346 3829 3
1367 3776 1416 3829 ha·
1532 3846 1533 3855 ἵ

268 3865 332 3919 bere
350 3865 406 3917 ΑΡ
421 3868 501 3929 (corr.
520 3869 581 3917 Μ
599 3863 723 3931 haberet)
779 3863 924 3918 aueoesitlt
943 3866 963 3931 (ι
981 3862 1063 3933 erae.)
1083 3864 1110 3916 P
1161 3866 1177 3916 4
1197 3862 1331 3929 ionianna,
1349 3868 1417 3919 m
1532 3866 1533 3877 ¹

268 3954 422 4007 ionioianua
442 3954 468 4005 P
485 3954 640 4006 iooinianns
658 3952 739 4007 Fae
803 3951 1026 4021 5deindelinde
1045 3952 1072 4005 A
1132 3951 1229 4007 ddein
1249 3951 1277 4004 P
1330 3951 1415 4006 tde-
1532 3972 1533 4013 1

266 4042 392 4106 buerunt,
415 4059 449 4096 aa.
470 4046 490 4095 2
512 4041 656 4096 debuerint
678 4042 705 4094 P
730 4040 875 4096 debuerint
900 4039 960 4095 edd.
985 4047 1098 4110 praeter
1121 4058 1153 4109 o;
1181 4041 1216 4109 af.
1236 4058 1267 4109 p.
1294 4044 1341 4105 53,
1362 4045 1416 4105 24;
1532 4096 1533 4103 χ

269 4134 336 4198 468,
358 4133 390 4198 9,·
407 4148 447 4199 ep.
465 4131 547 4184 XXI
556 4148 587 4199 p.
610 4133 656 4196 53,
674 4132 715 4182 20
733 4129 771 4183 od.
849 4130 928 4183 etot
942 4146 1002 4193 om„
1022 4135 1082 4186 Μ
1101 4130 1167 4184 odd.
1187 4128 1218 4183 F
1287 4132 1322 4184 14
1341 4128 1413 4185 Con·
1532 4160 1533 4169 κ

266 4220 391 4288 stantini]
412 4220 469 4273 dua
487 4219 516 4274 R
592 4220 657 4289 quo]
677 4226 721 4288 qni
739 4218 778 4273 Μ
853 4218 887 4272 16
907 4235 922 4272 a
940 4234 991 4273 om.
1011 4218 1102 4273 Mun
1181 4221 1213 4273 17
1233 4220 1413 4290 aptungiano‚

264 4312 330 4363 m.2
347 4308 527 4378 aptungitano
547 4308 574 4362 P
655 4308 857 4377 inpellauerunt
875 4306 941 4362 ΜΡ
1027 4308 1061 4362 20
1081 4312 1112 4361 ut·
1129 4309 1197 4378 tarn]
1219 4309 1302 4363 uitam
1321 4308 1413 4363 MFA
1532 4356 1533 4383 p

265 4399 299 4453 25
318 4398 390 4451 anim
409 4402 451 4450 eat
469 4396 496 4452 R
551 4398 584 4449 27
605 4397 695 4451 omnia
713 4412 765 4451 om.
785 4395 902 4451 MFAR
1532 4384 1533 4387 Ἴ
