3092 5217
491 453 753 522 epistularum
782 454 878 510 xclrr.
1193 461 1256 524 471

115 665 201 710 suam
220 665 238 709 a
257 649 433 710 ceterorum
460 646 625 712 hominum
650 647 818 730 iniquitate
842 652 1028 729 secerneret,
1053 669 1087 714 ss
1109 651 1258 734 primitus

115 771 206 818 causa
229 752 423 835 aequissima
451 753 666 836 separauerint
689 753 721 818 in
749 755 847 820 latere
871 755 1029 838 aquilonis
1058 757 1188 840 etipsa
1215 757 1259 822 sit

113 859 217 940 potius
242 859 378 924 ecclesia
402 859 451 924 dei
474 862 639 944 tamquam
664 860 739 926 Sion
765 862 928 945 spiritalis,
958 882 1038 946 quae
1066 883 1125 930 uos
1149 882 1257 930 omnes
1375 936 1378 941 ,

113 967 194 1030 iusta
228 965 425 1049 separatione
457 967 633 1050 praeuenit,
666 969 833 1051 multoque
865 970 1101 1053 praesumptius
1133 989 1189 1054 pro
1223 990 1258 1036 se

87 1073 342 1156 interpretetur,
385 1073 470 1156 quod
512 1073 667 1159 scriptum
710 1077 773 1140 est:
820 1075 933 1140 Mons
974 1075 1081 1155 Sion,
1123 1077 1257 1142 latera

113 1180 327 1262 aquilonis,
361 1179 514 1246 ciuitas
551 1180 661 1264 regis
698 1182 843 1266 magni,
882 1201 976 1265 quam
1003 1202 1061 1265 pro
1090 1203 1125 1248 se
1161 1183 1256 1248 inter-

111 1289 336 1369 pretaturpars
351 1285 484 1352 Donati:
507 1286 585 1352 Ubi
604 1286 754 1372 pascis,
773 1287 842 1352 ubi
862 1288 986 1353 cubas
1006 1288 1045 1354 in
1063 1288 1255 1354 meridie?

44 1397 74 1459 ‘lo
150 1389 465 1484 acupenserem,
490 1411 540 1471 ua,
565 1411 638 1456 oum
656 1391 876 1476 imperialibus
893 1392 1019 1477 legibus
1039 1393 1078 1458 ad
1097 1393 1253 1460 unitatem

112 1496 269 1579 cogimini,
293 1517 407 1563 nomen
427 1497 479 1564 dei
494 1519 512 1564 a
528 1498 655 1564 ludaeis
671 1500 704 1563 et
717 1499 850 1584 paganis
870 1499 991 1564 diutius
1007 1500 1254 1583 blasphemetur,

76 1636 96 1675 n
113 1602 198 1684 quasi
216 1603 359 1670 nesciant
376 1604 497 1682 Iudaei,
518 1625 612 1689 quem
632 1605 671 1670 ad
690 1606 822 1671 modum
840 1605 963 1690 primus
977 1606 1116 1689 populus
1133 1607 1254 1670 Israhel

113 1710 202 1774 etiam
235 1710 320 1777 bello
353 1711 458 1777 delere
490 1711 630 1778 uoluerit
663 1712 741 1778 duas
774 1712 848 1778 illas
880 1712 984 1778 tribus
1016 1717 1049 1776 et
1079 1712 1253 1791 dimidiam,

112 1834 185 1898 quae
209 1816 293 1882 ultra
316 1817 468 1884 Iordanen
493 1821 592 1883 terras
616 1825 811 1902 acceperant,
836 1819 960 1903 quando
985 1839 1038 1884 eas
1061 1822 1255 1902 putauerunt

113 1939 143 1985 se
168 1923 207 1988 ab
235 1923 359 1990 unitate
387 1924 438 1990 sui
469 1925 579 2010 populi
608 1944 782 2009 separasse.
819 1925 934 2010 pagani
962 1945 1037 1991 uero
1065 1926 1168 2011 magis
1196 1944 1254 1991 nos

112 2025 325 2111 blasphemare
343 2035 480 2113 possunt
498 2032 536 2096 tle
554 2031 691 2116 legibus,
712 2050 792 2115 quas
812 2036 920 2098 contra
937 2032 1095 2096 idolorum
1115 2032 1253 2097 cultores

78 2167 98 2208 n
113 2133 277 2200 Christiani
300 2137 505 2220 imperatores
529 2138 681 2217 tulerunt,
705 2142 737 2204 ot
759 2142 865 2204 tamen
884 2158 921 2203 ex
939 2139 986 2204 eis
1008 2137 1104 2204 multi
1123 2139 1254 2204 correcti

112 2245 140 2306 et
156 2241 195 2306 ad
213 2242 309 2308 <laum
332 2245 444 2310 uiuum
467 2262 642 2329 uerumque
666 2245 812 2311 conuersi
835 2248 910 2310 suut
933 2248 966 2310 et
983 2245 1101 2310 cotidie
1125 2263 1253 2310 conuer-

112 2353 225 2416 tuntur.
247 2350 304 2415 sed
328 2352 420 2436 plane
444 2355 476 2418 et
498 2353 609 2420 Iudaei
628 2357 660 2420 et
682 2354 798 2439 pagani
822 2354 849 2418 si
873 2357 939 2418 tom
961 2372 1081 2437 paucos
1103 2356 1254 2436 putarent

113 2475 176 2521 esse
200 2456 408 2538 Christianos,
437 2479 532 2542 quam
560 2460 654 2544 pauci
682 2480 741 2527 uos
766 2459 855 2540 estis,
884 2459 940 2544 qui
968 2460 1054 2526 solos
1082 2477 1141 2526 uos
1165 2459 1252 2526 Chri·

112 2562 225 2629 stianos
248 2584 319 2630 esse
342 2565 528 2650 perhibetis,
552 2586 609 2633 noc
633 2567 853 2650 blasphemare
876 2586 934 2632 nos
958 2565 1172 2650 dignarentur,
1196 2565 1252 2630 sed

77 2689 276 2753 ennumquam
296 2671 397 2736 ridere
413 2675 583 2742 cessarent.
606 2691 668 2738 uon
686 2672 821 2752 timetis,
840 2692 879 2738 ue
894 2672 987 2737 uobis
1002 2673 1109 2738 beant
1126 2672 1251 2750 Iudaei:

113 2775 179 2840 ‘Ubi
211 2782 270 2857 est,
304 2777 390 2861 quod
416 2779 538 2844 Paulus
569 2783 679 2845 uester
710 2779 878 2845 eeclesiam
910 2783 1049 2845 uestram
1083 2779 1251 2864 intellegit,

112 2882 544 2952 ubidiotumestrhaetare
559 2884 848 2969 sterilis‚quae
867 2905 942 2951 non
956 2887 1251 2969 paris,erumpe

114 2993 147 3053 et
174 2991 311 3068 clama,
340 3011 440 3074 quae
467 3011 542 3058 non
569 2992 765 3077 parturis,
798 2992 988 3076 quoniam
1016 2992 1136 3058 multi
1164 2992 1251 3058 filii

193 3234 370 3304 traaas
434 3235 549 3292 icant.
571 3237 595 3302 1,
611 3235 631 3293 ‘6
696 3235 730 3291 10
748 3234 803 3290 Ios.
821 3235 865 3300 22,
883 3237 973 3292 9-12
1034 3237 1069 3291 22
1088 3234 1148 3291 aa.
1167 3235 1194 3297 4,
1213 3235 1247 3287 27

145 3393 156 3446 1
176 3398 347 3450 secernerent
365 3396 391 3448 A
463 3395 588 3465 primitus
607 3411 668 3460 ona,
686 3396 718 3450 r'rr
736 3413 823 3466 usurp.
842 3400 903 3449 aar
922 3395 989 3450 add.
1007 3395 1038 3449 N
1104 3395 1122 3449 2
1140 3410 1249 3464 separa·

113 3481 195 3536 uenat
211 3499 293 3538 eausa
310 3484 475 3553 aequissima
492 3484 526 3538 N
629 3483 839 3554 separaberitO
926 3484 955 3537 in
973 3484 1135 3538 latere—sit
1153 3499 1203 3538 orn.
1221 3483 1254 3537 N

143 3571 169 3624 ia
186 3575 282 3642 partes,
301 3578 363 3628 m.1
379 3589 467 3642 supro
484 3573 498 3626 l
516 3574 545 3627 in
563 3575 649 3628 latere
668 3573 696 3628 R
713 3574 741 3628 in
759 3574 847 3628 latera
865 3575 891 3629 L
1018 3574 1079 3637 erit,
1097 3577 1159 3628 nal
1177 3588 1247 3626 corr.

114 3660 146 3712 sit
157 3660 192 3714 M
232 3662 248 3715 3
266 3663 382 3734 qeelesia
401 3661 445 3716 dei
463 3663 554 3732 potius
574 3663 607 3717 N
642 3663 917 3733 4praesunrptioaius
930 3663 958 3716 P
974 3662 1206 3732 praesumptiosus
1222 3658 1249 3712 L

115 3749 200 3804 iubis
214 3757 235 3814 (s
253 3757 337 3818 erar.)
357 3750 439 3806 cubas
456 3751 484 3804 A
569 3751 706 3806 8ueteris
723 3751 761 3806 M
845 3751 1022 3821 ilcogimini]
1043 3750 1197 3821 cognomini
1214 3749 1252 3802 M

115 3841 268 3907 cognominis
287 3841 315 3894 A
388 3842 537 3910 apsgauis
557 3845 586 3896 et
603 3840 707 3896 iudaeis
725 3841 753 3894 A
810 3841 844 3897 10
862 3842 950 3912 primo
967 3841 1005 3895 Μ
1058 3842 1091 3895 12
1109 3839 1249 3894 iordanem

114 3926 249 3997 husam
266 3931 303 3998 rs.
323 3947 363 3999 ep.
384 3930 501 3985 XXIII
511 3947 542 4000 p.
564 3935 650 3996 68,6
757 3933 857 3985 terram
876 3930 902 3984 L
994 3931 1027 3985 13
1045 3947 1095 3984 nos
1113 3929 1203 3999 magis
1220 3926 1249 3982 R

117 4016 145 4070 14
161 4017 194 4072 de
212 4033 259 4072 orn.
278 4019 312 4074 N
332 4019 365 4074 de
387 4019 496 4090 legibus
515 4037 565 4075 om.
584 4019 647 4075 MA
756 4036 824 4090 quos
842 4021 870 4076 A
961 4021 995 4074 15
1012 4018 1094 4074 multi
1112 4035 1143 4072 ex
1162 4017 1203 4071 eis
1220 4017 1249 4072 R

116 4107 143 4158 17
160 4107 236 4176 plane
253 4108 327 4163 iudei
346 4109 372 4163 L
459 4110 491 4164 18
510 4109 642 4180 panai-(s
662 4113 744 4176 erae.)
763 4110 791 4164 A
864 4109 931 4163 estis
949 4125 998 4162 uos
1016 4107 1054 4162 M
1124 4107 1197 4162 solos
1216 4123 1249 4162 cc

116 4195 179 4250 aolus
196 4196 232 4250 M
297 4199 329 4252 19
348 4197 408 4268 sed]
429 4197 476 4253 sed
495 4201 524 4253 et
546 4197 595 4252 GP
660 4199 695 4254 20
713 4197 802 4252 redire
820 4198 848 4251 A
934 4200 1086 4253 cessassent
1101 4195 1129 4251 L
1214 4213 1249 4250 ne

115 4282 194 4354 uobis]
214 4302 261 4340 nee
279 4286 415 4342 de‘uobis
433 4288 462 4340 P
531 4285 623 4341 dicant
641 4303 693 4341 ons.
712 4287 741 4339 P
792 4287 828 4341 23
846 4287 942 4353 clama,
961 4302 1030 4343 corr.
1049 4291 1109 4341 nal
1130 4285 1249 4342 exclama

116 4371 139 4423 P
154 4374 267 4429 exclama
284 4375 370 4431 MOR
389 4375 449 4432 edd.
