3092 5217
467 471 731 539 epistularum
760 470 879 526 XClll..
1176 474 1237 537 461

101 666 300 731 uanissimam
333 664 497 729 hominum
527 664 670 749 gloriam,
700 684 794 748 quam
819 684 877 731 nea
901 666 1022 748 putatis
1047 666 1187 749 perdere,
1213 669 1240 731 si

101 774 237 857 cognitae
261 771 392 836 ueritati
416 771 650 837 consenseritis.

36 885 64 943 lt
139 866 233 943 Vides
256 879 365 961 itaque
388 878 461 955 iam,
484 880 523 943 ut
544 878 664 960 opinor,
688 896 749 943 non
773 896 843 943 esse
863 877 1136 957 considerandum,
1156 879 1240 961 quod

101 987 225 1069 quisque
262 986 397 1070 cogitur,
435 986 490 1049 scd
528 986 620 1067 quale
657 986 701 1050 sit
735 985 827 1063 illud,
865 1004 926 1069 quo
964 987 1098 1070 cogitur,
1131 990 1239 1051 utmm

76 1094 207 1157 eborum
231 1112 269 1156 an
295 1092 425 1159 melum.
450 1111 511 1157 non
532 1110 595 1174 que
614 1094 749 1174 quisque
773 1092 875 1157 benus
895 1112 964 1157 ease
984 1092 1089 1175 pessit
1106 1092 1239 1171 inuitus,

101 1200 149 1263 sed
173 1200 326 1276 timendo,
356 1198 440 1281 quod
468 1218 528 1264 non
557 1200 639 1277 uult,
663 1199 729 1281 pati
758 1198 812 1263 uel
842 1198 993 1280 relinquit
1015 1199 1240 1281 impedientem

101 1306 326 1371 animositatem
352 1307 402 1369 uel
425 1306 603 1390 ignoratam
627 1305 829 1389 compellitur
852 1323 1040 1388 cognoscere
1059 1304 1238 1382 ueritatem,

100 1417 132 1476 nt
150 1412 263 1475 timens
286 1414 339 1476 nel
362 1416 493 1493 respuat
510 1412 637 1484 falsum,
658 1412 696 1475 de
716 1430 778 1494 quo
798 1410 1017 1488 contendebat,
1038 1412 1090 1476 uel
1110 1416 1240 1493 quaeret

101 1538 210 1595 nomm,
244 1519 330 1600 qnod
358 1518 530 1596 nesciebat,
560 1522 593 1582 et
619 1520 732 1583 uolans
760 1518 824 1583 iam
851 1522 968 1595 teneat,
993 1518 1077 1600 quod
1101 1518 1237 1583 nolebat.

68 1626 246 1707 cosnperlluo
285 1626 421 1689 fortasse
454 1626 515 1689 hoe
548 1625 706 1689 diceretur
737 1624 936 1707 quibuslibet
967 1625 1083 1702 uerbis,
1118 1624 1145 1689 si
1178 1643 1237 1688 non

101 1742 154 1795 tam
176 1732 286 1796 multis
311 1732 531 1796 ostenderetur
555 1732 715 1813 exemplis.
740 1750 802 1795 non
826 1731 898 1796 illos
923 1735 978 1795 aut
1001 1731 1075 1795 illos
1094 1731 1238 1797 homines

102 1840 148 1903 ned
176 1838 295 1903 multas
328 1838 477 1903 ciuitates
511 1838 656 1902 uidemus
688 1838 789 1903 luisse
822 1838 1017 1915 Donatistae,
1050 1857 1133 1903 rruuc
1167 1858 1237 1903 esse

102 1945 273 2020 catholicae,
317 1945 469 2009 detestari
510 1946 715 2010 uehementer
761 1945 950 2010 diabolicam
997 1946 1237 2029 separationem,

103 2051 220 2135 diligere
252 2051 399 2115 ardenter
429 2052 596 2116 unitatem.
634 2069 714 2134 qnae
747 2055 853 2115 tamen
886 2052 1010 2115 timoris
1043 2051 1148 2129 huius,
1182 2052 1237 2135 qui

71 2158 152 2220 otibi
181 2156 341 2240 displicet,
375 2158 594 2223 occasionibus
629 2158 805 2223 catholicae
836 2158 938 2222 factae
967 2162 1041 2223 sunt
1068 2159 1237 2243 perleges

102 2263 314 2345 imperatorum
340 2282 358 2326 a
381 2262 600 2339 Constantino,
629 2263 713 2346 apud
741 2282 835 2345 quem
865 2264 1002 2345 primum
1030 2264 1130 2329 uestri
1152 2266 1236 2328 ultro

104 2368 302 2434 caecilianum
335 2374 576 2446 amasaeorum,
609 2390 711 2452 usqne
744 2370 784 2433 ad
811 2362 992 2452 praesentes
1020 2370 1235 2453 imperatorer,

103 2476 149 2555 qni
176 2476 330 2541 iudicium
361 2477 460 2555 illins,
493 2495 586 2559 quem
620 2476 719 2540 nestri
751 2478 925 2559 elegerunt,
952 2494 1046 2558 quem
1075 2476 1235 2541 iudicibus

105 2584 244 2667 episcopis
277 2585 506 2667 praetulerunt,
535 2583 716 2668 ‘iustissime
752 2588 860 2647 contra
897 2602 955 2647 uos
992 2583 1235 2648 custodiendum

73 2721 90 2750 a
105 2708 163 2754 esec
184 2689 367 2755 decernunt.

49 2808 72 2865 li
140 2796 193 2861 llis
224 2817 300 2881 ergo
334 2797 485 2878 exemplis
514 2817 532 2860 a
560 2796 693 2879 collegis
725 2797 806 2861 meis
834 2796 912 2861 mihi
940 2797 1113 2878 propositis
1142 2798 1235 2861 cessi.

105 2922 164 2966 narn
192 2924 263 2968 mea
293 2904 456 2986 primitus.
474 2904 630 2968 sententia
656 2923 718 2968 non
748 2908 814 2969 erat
841 2904 901 2967 nisi
925 2905 1081 2968 neminem
1105 2903 1143 2967 ad
1168 2904 1235 2967 uni-

105 3012 188 3073 tatem
220 3010 340 3075 Christi
371 3030 442 3075 esse
473 3010 660 3093 cogendum,
692 3010 790 3075 uerbo
824 3029 894 3074 esse
927 3010 1095 3093 agendum,
1129 3010 1234 3092 dispu-

106 3116 206 3180 tatione
235 3118 453 3201 pngnandum,
486 3116 607 3180 ratione
639 3116 842 3193 uincendum,
875 3136 913 3181 ne
941 3118 1032 3181 fictos
1062 3116 1234 3181 catholicos

76 3220 286 3300 elaberemur,
325 3243 406 3307 quos
442 3230 567 3306 apertos
604 3223 781 3289 haereticos
818 3242 1018 3288 noueremus.
1062 3223 1117 3287 sed
1158 3224 1235 3287 baec

109 3328 196 3408 opinio
227 3349 299 3395 mea
327 3350 388 3394 non
416 3330 698 3395 contradicentium
727 3328 835 3393 uerbis
865 3330 920 3393 sed
952 3330 1235 3395 demonstrantium

138 3660 149 3710 l
173 3658 281 3727 gloriam
312 3663 341 3713 et
368 3660 553 3728 possessiones
575 3663 696 3712 terrenas
720 3675 787 3728 quas
811 3675 860 3712 uos
888 3659 992 3712 timetis
1018 3658 1128 3728 perdere
1155 3676 1235 3727 quam

111 3747 213 3813 cognitae
230 3750 257 3802 L
332 3749 356 3801 si
374 3764 437 3815 ean„
454 3751 520 3802 m.2
539 3748 604 3802 add.
623 3747 660 3801 M
747 3748 974 3801 ‘Zconsenscritis
995 3748 1096 3812 (seritis
1115 3764 1149 3801 etc
1167 3764 1234 3801 corr.

110 3850 136 3888 m.
145 3839 167 3900 1)
182 3836 209 3889 Ν
225 3838 417 3891 consentiretis
436 3837 499 3890 MP
517 3846 597 3902 (corr.
616 3842 676 3890 m.1
695 3837 898 3901 consenseritis)
918 3838 946 3891 R
1008 3839 1026 3889 4
1044 3835 1237 3904 aed-cogitur

111 3936 151 3975 oa.
165 3923 195 3976 N
277 3943 340 3994 quo,
358 3929 420 3981 m.2
438 3926 512 3995 quod
532 3928 555 3978 C
625 3927 747 3996 bpessit
766 3940 824 3979 esse
844 3925 898 3980 PR
916 3924 977 3979 edd.
1050 3926 1192 3995 leogitnr
1209 3924 1236 3978 L

112 4013 291 4081 trespnenaL
337 4017 468 4068 tltencat
484 4016 540 4068 iam
558 4015 618 4068 edd.
666 4016 699 4069 10
717 4015 769 4068 boc
786 4014 902 4067 fortasse
919 4013 993 4066 OPL
1011 4014 1072 4069 edd.
1120 4014 1150 4067 ll
1166 4015 1234 4081 tam-l

112 4102 225 4156 tamena
291 4104 323 4157 12
342 4103 474 4166 uidemus,
494 4119 564 4157 corr.
584 4109 643 4157 aral
663 4103 781 4157 uidimus
800 4102 833 4156 N
902 4119 960 4156 esse
980 4102 1051 4157 dona
1071 4102 1235 4169 (donadei.)

115 4189 281 4246 catholicaaC
325 4193 357 4246 15
376 4191 501 4261 dispicet,
519 4196 585 4246 m.2
603 4192 730 4262 displicet
747 4192 776 4246 R
818 4193 850 4245 16
868 4192 1067 4261 imperatorem,
1087 4208 1155 4245 corr.
1174 4196 1235 4243 ml

115 4274 280 4344 imperatorum
296 4280 335 4334 M
396 4296 481 4336 aem.
500 4281 562 4334 ΜΔ
608 4281 641 4334 18
661 4282 808 4350 braqucml
829 4279 901 4349 quod
919 4282 945 4333 A
991 4282 1023 4333 21
1040 4286 1105 4349 poet
1123 4296 1186 4349 crgo
1205 4280 1238 4332 ia

117 4363 265 4421 traam
285 4368 454 4422 3-41.M
506 4369 540 4423 ‘23
560 4369 709 4438 cogendum
730 4386 788 4423 esse
807 4369 848 4430 R,
889 4370 923 4423 25
942 4386 1070 4423 noueram
1089 4369 1116 4423 R
