3092 5217
223 495 287 559 716
579 492 605 547 S.
634 494 771 548 Aureli
801 495 1018 564 Augustini

222 705 389 770 corporeae
413 686 632 752 similitudinis
657 689 839 768 occurrerit,
869 690 981 769 abnue,
1009 710 1099 775 nega,
1123 711 1248 774 respue,
1273 693 1373 771 abice,

221 794 312 878 fuge3
341 813 402 858 non
427 793 510 858 enim
537 813 636 876 parua
658 793 819 860 inchoatio
844 800 894 860 est
917 796 1118 880 cogitationis
1143 799 1204 877 dei,
1232 799 1261 864 si
1288 804 1373 874 ante,

222 920 316 983 quam
343 901 506 983 possimus
533 919 638 978 nosse,
669 901 746 982 quid
775 901 827 979 sit,
855 903 1043 985 incipiamus
1071 905 1135 968 iam
1161 924 1265 980 nosse,
1295 905 1375 988 quid

221 1027 282 1071 non
308 1008 361 1072 sit.
388 1007 587 1072 intellectum
610 1027 686 1072 uero
711 1008 805 1072 ualde
829 1027 909 1086 ama,
934 1009 1008 1091 quio
1032 1013 1064 1074 et
1086 1011 1174 1093 ipsae
1198 1012 1374 1095 scripturae

222 1116 359 1189 sanctae,
388 1133 468 1196 quae
501 1134 688 1198 magnarum
716 1134 822 1179 rerum
850 1119 922 1180 ante
953 1116 1205 1201 intellegentiam
1237 1119 1377 1184 suadent
1410 1150 1422 1186 ⁵

220 1217 326 1298 fidem,
354 1220 416 1284 uisi
440 1239 493 1284 eas
516 1223 600 1286 recte
628 1221 809 1306 intellegas,
838 1221 933 1288 utiles
957 1223 1017 1288 tibi
1042 1243 1112 1289 esse
1136 1243 1197 1289 nou
1224 1231 1374 1307 possunt.

221 1345 330 1390 omnes
355 1328 436 1391 enim
466 1327 627 1407 baeretici,
652 1329 707 1411 qui
731 1347 784 1393 eas
812 1329 843 1392 in
873 1329 1061 1395 auctoritate
1089 1331 1254 1414 recipiunt,
1283 1333 1375 1415 ipsas

221 1433 282 1496 sibi
310 1433 459 1498 uidentur
488 1434 613 1513 sectari,
645 1455 718 1499 oum
747 1455 822 1501 suos
851 1436 959 1517 potius
987 1439 1149 1502 sectentur
1175 1457 1306 1519 errores,
1335 1457 1375 1502 ac

219 1559 276 1621 per
298 1541 370 1618 hoc,
394 1561 454 1606 non
475 1541 559 1623 quod
584 1561 636 1607 eas
661 1545 874 1618 contemnant,
899 1543 955 1608 sed
979 1544 1063 1625 quod
1087 1564 1139 1609 eas
1163 1563 1225 1610 nou
1247 1545 1375 1610 intelle·

220 1650 307 1730 gant,
330 1647 480 1713 haeretici
505 1652 590 1712 sunt.
1400 1689 1425 1724 m

169 1751 209 1814 14
264 1752 312 1816 Tu
340 1757 457 1833 autem,
487 1756 661 1834 carissime,
690 1776 744 1822 ora
770 1757 895 1821 fortiter
922 1761 954 1822 et
984 1757 1129 1835 fideliter,
1162 1763 1200 1822 ut
1228 1758 1282 1824 det
1310 1759 1375 1823 tihi

220 1859 367 1925 dominus
394 1862 594 1927 intellectum
622 1881 659 1927 ac
687 1864 733 1928 sic
761 1882 808 1941 oa,
837 1883 917 1946 quae
944 1865 1118 1929 forinsecus
1147 1865 1277 1931 adhibet
1300 1865 1375 1930 dili-

220 1968 327 2050 gentia
348 1969 561 2052 praeceptoris
586 1969 655 2034 siue
679 1969 830 2048 doctoris,
854 1971 978 2052 possint
1002 1991 1072 2036 esse
1095 1972 1268 2050 fructuosa,
1292 1992 1374 2054 quo-

219 2074 314 2151 niam,
353 2095 482 2158 neque
515 2076 583 2158 qui
619 2077 795 2159 plantat,
833 2081 896 2142 est
934 2077 1101 2159 aliquid,
1140 2097 1267 2162 neque
1301 2081 1373 2161 qui

219 2181 340 2264 rigat,
375 2182 443 2247 sed
476 2184 544 2265 qui
576 2183 872 2249 incrementum
901 2184 968 2248 det
996 2185 1103 2262 deus,
1137 2185 1189 2250 cui
1217 2184 1372 2250 dicimus:
1398 2217 1423 2254 n

218 2289 342 2352 Pater
369 2293 519 2368 noster,
544 2291 610 2372 qni
635 2311 675 2354 es
702 2291 906 2366 incaelis,
935 2310 995 2355 uon
1020 2293 1095 2374 quia
1116 2291 1159 2356 ibi
1185 2295 1289 2357 estet
1317 2292 1373 2358 bic

218 2399 358 2472 nonest,
383 2397 436 2478 qui
459 2397 637 2478 praesentia
660 2398 844 2479 incorporea
866 2397 984 2479 ubique
1008 2401 1095 2462 totus
1120 2401 1179 2475 est,
1205 2399 1261 2463 sed
1284 2399 1374 2482 quod

217 2501 248 2565 in
273 2501 485 2567 eis'babitare
510 2502 635 2581 dicitur,
660 2521 794 2584 quorum
818 2503 930 2585 pietati
949 2504 1050 2581 adest,
1070 2509 1102 2570 et
1120 2505 1152 2568 hi
1171 2506 1306 2569 maxime
1330 2506 1371 2569 in

218 2608 337 2672 caelis
357 2612 442 2687 sunt,
461 2610 517 2674 ubi
531 2613 563 2674 et
581 2613 711 2674 nostra
731 2615 791 2674 cst
814 2612 1069 2690 conuersatio,
1089 2613 1117 2676 si
1137 2631 1193 2676 nos
1214 2613 1373 2677 ueraciter

217 2733 253 2779 os
277 2717 420 2778 nostrum
445 2734 574 2780 sursum
594 2735 648 2781 cor
670 2717 784 2781 habere
807 2717 1006 2798 respondeat.
1030 2738 1103 2784 nam
1122 2719 1183 2783 etsi
1202 2719 1373 2783 camaliter
1393 2755 1424 2794 so

217 2821 443 2903 acciperemus,
469 2822 553 2904 quod
578 2824 815 2906 scriptumest:
842 2822 1005 2889 Caelum
1029 2826 1127 2890 mihi
1151 2825 1270 2890 sedes
1293 2831 1368 2905 est,

216 2929 327 2990 terra
350 2932 483 2992 autem
507 2930 734 2994 scabellum
758 2931 900 3012 pedum
925 2951 1111 3010 meorum,
1136 2935 1169 2997 et
1191 2931 1236 2997 ihi
1260 2935 1292 2996 et
1315 2932 1369 2996 hic

216 3052 289 3097 eum
313 3053 383 3098 esse
408 3034 532 3099 credere
556 3035 719 3113 debemus,
744 3037 891 3119 quamuis
919 3058 980 3104 non
1005 3042 1109 3104 totum
1135 3039 1191 3116 ibi,
1216 3040 1291 3121 quia
1314 3039 1368 3103 hic

216 3143 324 3203 essent
341 3140 449 3221 pedes,
468 3160 527 3206 nec
545 3145 650 3207 totum
669 3143 731 3221 hic,
752 3143 827 3224 quia
845 3144 890 3208 ibi
904 3149 1012 3210 essent
1031 3146 1209 3227 superiores
1226 3145 1366 3228 corporis

214 3248 332 3326 partes.
356 3265 451 3327 quam
475 3248 701 3331 cogitationem
725 3251 881 3314 carnalem
905 3269 1031 3314 rursum
1055 3251 1146 3316 uobis
1170 3251 1249 3316 illud
1273 3269 1366 3315 ercn—
1388 3286 1418 3324 25

304 3473 320 3522 5
339 3471 384 3524 Es.
404 3473 429 3534 7,
448 3473 465 3525 9
484 3489 536 3526 seo.
558 3473 688 3543 Septung.
791 3474 821 3528 ll
843 3473 887 3530 Ps.
910 3475 951 3537 15,
971 3473 1001 3539 7;
1020 3475 1064 3541 31,
1083 3475 1115 3538 8;
1135 3475 1194 3538 118,
1214 3475 1249 3530 34
1269 3475 1316 3537 al.;
1335 3476 1363 3530 11

213 3559 282 3612 Tim.
302 3560 327 3622 2,
347 3561 363 3612 7
469 3562 502 3614 14
519 3560 533 3614 Ι
553 3560 613 3615 Cor.
632 3563 658 3628 3,
678 3563 693 3615 7
799 3564 831 3616 16
851 3563 948 3616 Matth.
968 3564 994 3627 6,
1013 3565 1029 3616 9
1140 3565 1173 3617 18
1192 3564 1262 3619 Phil.
1282 3565 1308 3628 3,
1327 3566 1362 3619 20

213 3648 246 3701 21
266 3647 312 3701 Es.
331 3648 374 3711 66,
395 3648 407 3701 1

251 3771 264 3824 1
285 3771 384 3841 abnue]
405 3773 485 3842 abige
505 3773 592 3827 abnue
607 3774 667 3830 edd.
705 3775 720 3826 2
736 3777 779 3828 est
792 3773 930 3829 inchoatio
949 3775 1009 3830 edd.
1065 3777 1228 3846 cognitionis
1246 3777 1351 3832 OPTT
1353 3779 1360 3812 ¹

213 3858 274 3913 edd.
348 3862 382 3931 si]
402 3863 471 3916 Η
537 3863 739 3917 lintelleotam
761 3863 877 3918 ΟΡΤΤι
947 3867 977 3919 11
999 3866 1135 3919 carissime
1153 3865 1238 3920 frater
1257 3884 1304 3921 ora
1327 3867 1351 3920 Y
1352 3867 1358 3900 ¹

216 3949 248 4002 12
268 3949 299 4014 si,
319 3952 524 4006 corr.m.1sic
545 3952 580 4005 Τ1
664 3955 696 4007 15
715 3953 763 4006 sed
783 3961 800 4023 q
820 3958 864 4018 (=
885 3956 963 4022 quae)
983 3953 1177 4008 incrementum
1197 3957 1235 4020 (in
1254 3956 1286 4008 in
1303 3973 1359 4010 ros.

212 4055 247 4093 m.
266 4043 298 4091 ut
314 4039 373 4093 uid.
392 4043 419 4105 1>
438 4041 466 4092 Β
521 4043 553 4094 17
574 4041 620 4110 qui
638 4042 670 4095 in
688 4059 744 4096 rae.
765 4041 871 4110 (m.1?)
889 4043 917 4094 B
937 4041 1000 4110 quia
1017 4041 1050 4095 Τ1
1125 4047 1167 4097 est
1185 4047 1261 4098 totus
1283 4043 1362 4099 OPT

213 4126 274 4181 edd.
357 4128 420 4195 quia
442 4127 557 4182 ΟΡΤΤ1
576 4130 636 4182 edd.
711 4131 743 4183 18
762 4127 957 4184 inhabitaret)
1038 4130 1078 4184 hii
1097 4131 1151 4186 ΒΟ
1225 4133 1257 4186 19
1277 4134 1358 4186 etiam

215 4214 331 4269 OPTT¹
349 4216 409 4270 edd.
484 4218 653 4271 conuersatio
673 4221 716 4271 est
731 4219 810 4273 OPT
826 4218 886 4272 edd.
960 4235 989 4271 os
1008 4223 1131 4273 nostrum
1149 4222 1285 4276 ueraciter
1299 4223 1359 4278 edd.

211 4305 246 4356 21
266 4306 448 4373 acceperimus
470 4305 585 4359 OPTT¹
605 4307 666 4360 edd.
739 4309 775 4361 24
793 4311 895 4360 101111·
908 4307 953 4360 hic
971 4309 999 4360 B
1071 4309 1105 4364 21
1124 4309 1193 4364 illud
1210 4311 1290 4364 nobis
1313 4311 1362 4367 ΟΡ

212 4390 273 4447 edd.
347 4397 469 4447 excutere
491 4395 570 4449 OPT
586 4395 645 4448 edd.
666 4399 789 4450 excutere
808 4395 919 4450 deberet
941 4395 976 4448 Τι
