3092 5217
303 522 368 584 412
662 518 689 572 S.
716 517 854 573 Aureli
881 518 1099 589 Augustini

302 714 430 778 minas
472 714 583 797 regis
626 715 666 777 et
705 712 803 776 iram
844 712 987 777 leonis.
1033 712 1220 777 Danihelem
1262 715 1439 778 calumniosi
1514 696 1515 701 ἵ

303 821 422 885 inimici
454 820 485 883 in
522 820 626 883 lacnnr
664 820 791 884 leonum
825 819 912 883 mitti
943 823 1128 903 coegerunt3
1161 820 1241 883 uieit
1271 822 1441 885 innocentia

304 929 371 991 eius
404 926 532 992 illorum
558 925 728 999 malitiam3
761 926 902 990 inlaesus
930 925 1003 990 inde
1030 926 1159 991 leuatus
1188 932 1251 1001 est,
1284 928 1343 1010 ipsi
1370 927 1441 992 illuc
1514 948 1515 1017 j

303 1035 393 1099 missi
421 1033 590 1117 perierunt.
624 1032 772 1097 similiter
800 1031 935 1097 maiores
964 1033 1062 1097 uestri
1088 1033 1302 1098 Caecilianum
1326 1036 1440 1099 eteius
1514 1018 1515 1067 3

303 1142 489 1206 societatem
520 1139 626 1223 regiae
656 1138 722 1203 irae
748 1137 995 1204 consumendam
1023 1139 1217 1214 obiecerunt,
1247 1141 1336 1205 cuius
1363 1141 1476 1205 inno-s

304 1246 407 1311 centia
437 1245 570 1308 liberata
599 1244 637 1307 ob
666 1242 786 1307 eisdem
814 1242 943 1328 regibus
972 1244 1080 1309 endem
1108 1264 1166 1310 uos
1191 1246 1346 1329 patimini.
1370 1268 1442 1330 quae

303 1353 377 1417 illos
400 1351 500 1416 uestri
519 1351 587 1433 pati
606 1351 788 1427 uoluerunt,
810 1350 959 1433 quoniam
979 1351 1215 1433 scriptumest:
1241 1352 1313 1433 Qui
1338 1362 1443 1435 parat

303 1459 483 1541 proximo
506 1458 677 1534 foueam,
700 1457 790 1539 ipse
814 1456 973 1521 incidet
994 1458 1033 1521 in
1057 1477 1149 1523 eam.

261 1572 280 1633 6
348 1566 396 1629 De
425 1565 516 1629 nobis
545 1582 619 1647 ergo
648 1563 725 1646 qnid
749 1564 936 1645 queramini,
960 1582 1022 1631 non
1046 1565 1144 1629 hebes
1169 1569 1328 1630 ettamen
1353 1569 1443 1631 eecle-

305 1674 369 1737 siae
398 1669 608 1735 mansuetudo
637 1669 732 1734 etiam
760 1669 799 1733 ab
828 1669 878 1734 his
905 1670 1133 1753 imperatorum
1161 1672 1356 1737 iussionibus
1385 1693 1442 1738 om·
1460 1698 1477 1735 n
1514 1738 1515 1741 ,

303 1780 376 1844 nino
409 1776 643 1859 conquieueret‚
676 1776 740 1840 nisi
771 1776 872 1841 uestri
902 1777 1008 1840 clerici
1040 1780 1072 1842 et
1095 1777 1373 1843 Circumcelliones
1394 1799 1444 1863 per

304 1905 378 1950 suas
401 1883 649 1949 immanissimas
671 1883 880 1965 inprobitates
904 1884 1105 1967 furiosasque
1124 1886 1293 1950 uiolentiae
1313 1887 1441 1969 quictem

304 1996 444 2057 nostram
477 1989 695 2074 perturbantes
729 1994 825 2073 atquc
857 1994 1023 2055 uastantes
1053 1992 1130 2056 haec
1157 1994 1189 2056 in
1210 2005 1273 2058 nos
1301 1994 1395 2059 recoli
1416 2001 1443 2055 et

305 2098 427 2163 moueri
460 2096 649 2180 coegissent.
682 2114 756 2159 nam
783 2096 872 2178 prius
903 2115 997 2179 quam
1026 2098 1216 2163 recentiores
1244 2100 1334 2182 leges
1361 2100 1442 2175 istae,
1514 2084 1515 2087 ¹

306 2206 344 2268 cle
373 2204 489 2288 quibus
517 2202 611 2268 mode
641 2202 819 2284 querimini,
847 2204 1011 2268 uenissent
1039 2204 1069 2269 in
1094 2205 1242 2283 Africam,
1267 2205 1395 2271 insidias
1416 2206 1477 2269 ine

306 2311 472 2376 itineribus
504 2310 622 2374 nostris
655 2310 813 2392 episcopie
852 2310 1061 2387 celenderum,
1099 2312 1291 2377 conclericos
1328 2317 1442 2377 nostros

306 2419 410 2504 plagis
443 2417 683 2482 immanissimis
718 2421 958 2499 quasseuerunt,
992 2418 1083 2483 laicis
1116 2438 1242 2503 quoque
1274 2424 1306 2485 et
1341 2422 1441 2505 plagas
1514 2444 1515 2457 ¹

308 2525 515 2609 grauissimas
538 2523 717 2589 inflixerunt
741 2527 772 2587 et
796 2524 972 2589 intulerunt
994 2544 1103 2591 eorum
1125 2526 1276 2591 aediliciis
1298 2527 1441 2593 incendia.

307 2634 525 2715 presbyterum
549 2630 644 2694 etiem
669 2630 836 2711 quendam,
861 2631 935 2712 quie
957 2632 1082 2713 proprie
1105 2636 1138 2697 et
1159 2632 1260 2697 libere
1286 2636 1441 2699 uoluntate

306 2739 461 2803 unitatem
494 2741 619 2803 nostrae
652 2736 884 2801 communionis
919 2736 1027 2821 elegit,
1057 2738 1094 2802 de
1122 2738 1217 2804 domo
1246 2758 1304 2805 sua
1327 2744 1476 2822 raptumso

307 2853 339 2911 et
371 2842 427 2930 p'ro
461 2844 590 2911 arbitno
618 2844 798 2908 immaniter
826 2862 963 2922 caesum,
991 2844 1023 2907 in
1048 2846 1176 2928 gurgite
1200 2845 1295 2910 etiam
1319 2865 1441 2911 caenoso

307 2955 498 3027 uolutatum,
532 2951 617 3016 tuda
647 2950 803 3015 uestitum
836 2968 909 3014 oum
940 2950 1131 3033 quibusdam
1168 2952 1348 3032 dolendum,
1385 2952 1441 3035 qui-

306 3059 441 3125 busdem
464 3058 629 3123 ridendum
653 3057 685 3120 in
708 3076 826 3140 pompa
849 3057 899 3121 sui
922 3056 1071 3123 facinoris
1091 3061 1317 3141 ostentassent,
1338 3059 1442 3123 abduc·

305 3171 374 3231 tum
417 3166 500 3244 inde,
543 3182 604 3248 quo
643 3165 824 3243 uoluemnt,
863 3164 917 3229 uix
953 3166 1026 3245 post
1060 3164 1128 3230 dies
1160 3165 1222 3229 llll
1256 3166 1440 3230 dimiserunt.

305 3271 390 3337 unde
414 3275 588 3337 conuentus
612 3270 860 3352 municipalibus
885 3270 985 3353 gestis
1005 3290 1023 3335 a
1042 3275 1149 3337 nostro
1170 3272 1319 3355 episcopo
1338 3272 1476 3336 Proca-s

396 3552 411 3604 7
431 3549 512 3604 Eccli.
533 3551 575 3614 27,
595 3551 629 3603 29

341 3709 465 3770 2ηιίὲῐε,
484 3710 551 3761 m.2
568 3707 677 3761 mittere
697 3707 734 3759 M
794 3708 943 3771 3melitia‚
962 3712 1028 3764 m.2
1046 3707 1152 3763 molitio
1170 3707 1198 3761 P
1264 3710 1366 3772 tiens,
1383 3724 1440 3763 eurr.

306 3803 364 3854 nu
382 3797 439 3851 eins
459 3795 496 3850 Μ
557 3796 752 3851 5ubiecerunt
769 3797 806 3850 M
867 3797 1033 3866 tpetemini
1051 3796 1089 3850 Μ
1105 3786 1253 3866 peciemini¹
1268 3800 1298 3852 A
1351 3796 1440 3852 Siroi-

306 3885 348 3939 clit
365 3884 431 3938 MP
481 3884 590 3953 tqnod
608 3884 669 3938 cdd.
684 3892 826 3953 praetera
897 3883 1004 3939 hebetis
1024 3886 1051 3938 P
1068 3884 1128 3941 edd.
1208 3886 1350 3957 ecclesiae]
1369 3884 1440 3940 eccle·

305 3975 362 4028 sinc
382 3973 532 4028 catholicoe
550 3974 577 4025 P
594 3974 655 4028 edd.
730 3974 764 4028 10
783 3973 816 4027 ab
834 3974 887 4044 hie]
908 3974 977 4027 albis
996 3976 1022 4027 A
1096 3976 1127 4029 11
1149 3974 1373 4029 circnmeellionis
1388 3973 1441 4027 MA

307 4063 340 4115 14
358 4061 461 4115 moneri
480 4061 728 4127 cefrenonerim
783 4064 815 4117 16
836 4062 1011 4117 cumelerieos
1025 4066 1052 4117 A
1109 4064 1140 4116 17
1162 4068 1190 4117 et
1208 4064 1311 4133 camP
1364 4063 1393 4117 18
1405 4062 1440 4114 in·

305 4150 438 4202 tlnrerunt
454 4149 492 4202 M
554 4150 587 4203 19
607 4165 669 4218 qua,
688 4154 754 4203 Μ
771 4150 836 4219 qnia
854 4150 890 4204 M
948 4150 983 4205 22
1002 4150 1170 4206 uoluntatem
1189 4152 1217 4205 P
1232 4153 1401 4207 uoluntatem
1417 4151 1439 4219 (a
1514 4140 1515 4145 ¹

305 4242 377 4305 exp.)
395 4236 426 4289 F
442 4236 613 4306 uoluptatum
632 4238 670 4291 M
749 4237 823 4292 buda
842 4239 974 4293 uestitum
993 4239 1025 4293 in
1039 4239 1099 4308 fine
1116 4257 1144 4294 u.
1163 4255 1215 4295 om.
1236 4243 1264 4294 A
1335 4240 1369 4295 23
1386 4242 1441 4292 unte

305 4324 522 4382 ridendnmras.
542 4327 654 4382 2-31.
674 4326 705 4379 F
783 4328 820 4381 im
840 4345 938 4399 pompa
956 4326 984 4383 P
1074 4330 1109 4383 24
1128 4346 1181 4399 quo
1201 4346 1253 4384 om.
1272 4330 1300 4382 A
1382 4326 1440 4381 cluo·
1514 4348 1515 4351 ¹

306 4414 392 4467 decim
412 4414 471 4467 edei.
545 4414 712 4469 demiserunt
729 4416 760 4471 F
812 4418 846 4470 25
866 4420 1017 4471 nostrornm
1037 4419 1064 4472 A
1135 4416 1330 4471 Proculeianus
1348 4432 1373 4470 m
