3092 5217
521 544 786 613 epistularum
814 543 913 599 XCIII
1222 548 1285 611 491

133 737 229 818 ponit
263 741 439 821 apostolus,
467 738 523 804 ubi
552 739 648 804 etiarn
676 740 823 803 haereses
848 743 1024 805 enumerat:
1053 740 1287 821 Manifesta,

133 843 254 926 inquit,
282 848 376 911 sunt
405 865 524 930 opera
553 845 697 924 carnia,
722 865 821 928 quae
851 849 945 910 sunt
972 847 1286 927 fornicationes,

134 949 617 1031 inmundItiae,lnruria,
633 952 836 1017 idolorum
857 953 1049 1031 seruitus,
1065 953 1285 1037 ueneficia,

134 1058 401 1138 inimicitiae,
444 1060 744 1134 contentiones,
788 1059 1098 1136 aemulationes,
1142 1061 1287 1125 animo-

105 1165 308 1244 mitanas,
346 1166 643 1243 dissensiones,
685 1166 884 1242 haereses,
926 1165 1121 1244 inuidiae,
1161 1166 1286 1231 ebrie-

134 1275 262 1349 tates,
290 1273 606 1338 comissationes
632 1275 669 1336 et
696 1271 756 1336 his
787 1272 952 1350 similia,
972 1290 1071 1355 quae
1094 1271 1285 1354 praedico

135 1379 273 1456 uobis,
311 1379 420 1444 sient
450 1377 647 1463 praedixi,
683 1379 880 1460 quoniam,
914 1378 981 1462 qui
1015 1378 1118 1442 talia
1150 1383 1285 1462 agunt,

135 1506 306 1572 regnum
327 1485 390 1551 dei
408 1506 485 1551 non
505 1485 789 1568 possidebunt.
814 1485 873 1549 hae
894 1504 967 1568 ergo
986 1485 1119 1562 rabone,
1139 1484 1287 1567 quamuis

134 1594 336 1677 baptizatum
356 1593 398 1658 sit
415 1595 490 1677 post
508 1592 689 1671 Iohannem,
714 1611 775 1657 non
793 1591 974 1674 baptizatur
990 1593 1065 1674 post
1082 1591 1287 1667 haereticum,

96 1718 118 1755 1⁰
136 1719 200 1783 qua
232 1700 364 1778 ratione,
398 1701 545 1782 quamuis
587 1699 785 1783 baptizatum
823 1697 867 1763 sit
901 1699 976 1781 post
1011 1697 1193 1776 Iohannem,
1225 1715 1288 1760 non

134 1805 320 1888 baptizatur
345 1809 419 1890 post
446 1805 617 1881 ebriosum,
646 1804 794 1887 quoniam
823 1805 855 1867 et
882 1803 1028 1868 haereses
1058 1806 1090 1866 et
1117 1801 1288 1867 ebrietates

135 1913 167 1976 in
193 1913 241 1977 eis
268 1912 415 1995 operibus
439 1913 523 1990 sunt,
553 1929 633 1994 quae
658 1929 751 1994 opera
775 1910 830 1993 qui
854 1912 962 1993 agunt,
990 1928 1123 1993 regnum
1148 1909 1198 1974 dei
1226 1926 1287 1972 non

137 2019 358 2101 possidebunt.
380 2037 482 2084 nonne
506 2018 566 2083 tibi
588 2018 715 2082 uidetur
739 2016 830 2100 qnasi
852 2016 1094 2082 intolerabiliter
1110 2016 1287 2100 indignum,

136 2131 184 2204 ut,
213 2147 288 2192 cnm
315 2127 510 2208 baptisatam
537 2125 634 2191 fuerit
660 2127 735 2209 post
762 2144 846 2202 eum,
875 2124 929 2206 qui
956 2143 1017 2189 non
1046 2123 1150 2189 sobrie
1177 2121 1287 2186 uinum

96 2251 120 2289 1⁵
135 2233 250 2298 bibens
275 2232 330 2297 sed
353 2233 463 2297 uinum
484 2232 609 2297 omnino
628 2250 689 2296 non
713 2231 825 2296 bibens
848 2249 944 2316 regno
968 2229 1016 2294 dei
1042 2231 1128 2294 uiam
1152 2227 1287 2311 parauit,

137 2359 199 2405 non
222 2339 404 2422 baptizetur
426 2343 500 2422 post
519 2339 691 2418 ebriosum,
712 2337 766 2422 qui
785 2356 919 2421 regnum
938 2336 988 2401 dei
1008 2356 1068 2401 non
1089 2335 1288 2421 possidebit?

138 2445 216 2528 quid
241 2444 294 2510 bic
317 2445 535 2527 respondetur,
565 2445 626 2509 nisi
650 2444 725 2527 quia
751 2443 806 2509 ille
834 2444 1014 2527 baptismus
1039 2447 1106 2508 erat
1127 2444 1288 2523 Iohannis,

138 2556 213 2635 post
243 2571 336 2635 qnem
362 2551 480 2618 Christi
507 2551 666 2636 baptismo
690 2551 868 2634 baptizarit
891 2551 1067 2632 apostolus,
1091 2550 1152 2614 iste
1181 2555 1288 2616 autem

139 2659 320 2740 baptismus
341 2657 461 2724 Christi
479 2659 538 2736 est,
558 2677 620 2740 quo
641 2657 819 2740 baptizauit
838 2658 1003 2722 ebriosus?
1021 2657 1104 2721 inter
1116 2657 1289 2722 Iohannem

99 2785 121 2824 n
141 2771 173 2831 et
200 2765 363 2830 ebriosum
391 2785 409 2829 a
437 2763 592 2830 contrario
625 2765 765 2830 multum
797 2764 945 2840 interest3
979 2765 1062 2829 inter
1093 2763 1289 2846 baptismum

139 2871 291 2936 Iohannis
325 2875 357 2935 et
388 2870 584 2954 baptismum
614 2869 733 2937 Christi
765 2889 826 2935 non
860 2890 879 2935 a
906 2869 1061 2936 contrario
1095 2869 1151 2934 sed
1182 2872 1288 2936 tamen

142 2981 280 3044 multum
298 2979 440 3044 interest.
459 2979 542 3042 inter
561 2979 741 3060 apostolum
758 2981 790 3044 et
805 2978 966 3043 ebriosum
986 2977 1123 3043 multum
1141 2977 1289 3053 interest3

141 3087 222 3151 inter
245 3085 441 3168 baptismum
461 3084 591 3163 Christi,
616 3105 710 3168 quem
730 3084 819 3150 dedit
841 3085 1016 3168 apostolus,
1040 3087 1073 3149 et
1094 3084 1290 3166 baptismum

143 3191 271 3270 Christi,
297 3211 390 3276 quern
411 3192 498 3257 dedit
517 3191 671 3268 ebriosus,
695 3191 776 3257 nihil
793 3193 936 3257 interest.
960 3193 1007 3257 sic
1025 3192 1106 3258 inter
1120 3192 1290 3258 Iohannem

103 3319 126 3358 a
143 3303 174 3364 et
196 3299 390 3364 haereticum
411 3319 429 3364 a
448 3298 603 3364 contrario
628 3299 766 3364 multum
786 3299 919 3364 interest
937 3302 970 3364 et
991 3299 1074 3364 inter
1095 3298 1290 3383 baptismum

233 3544 245 3596 1
268 3542 327 3597 Gal.
347 3545 371 3606 5,
393 3543 497 3598 19-21

180 3738 192 3789 1
214 3738 299 3806 ponat
316 3735 344 3788 P
360 3735 435 3807 (Μ
453 3734 542 3806 ponit)
561 3733 587 3787 L
696 3735 854 3803 manifesta]
880 3733 1027 3789 manifesta
1051 3739 1141 3789 autem
1161 3736 1221 3789 edd.
1240 3752 1291 3790 sec.

144 3839 213 3879 socr.
234 3825 285 3879 zita.
341 3825 441 3878 2sunt
459 3823 550 3894 inquit
564 3823 590 3876 L
641 3821 881 3879 3inmundieiaL
897 3839 948 3877 sec.
967 3839 1039 3878 sacr.
1059 3824 1111 3878 litt.
1131 3822 1291 3878 inuidiaeR

179 3914 298 3967 luxuriae
317 3912 374 3967 ΡΝ
417 3914 435 3966 4
454 3912 636 3966 animositatis
654 3911 677 3964 C
721 3915 737 3967 5
756 3911 878 3966 inuidiae
897 3910 1085 3966 immunditiae
1104 3912 1250 3967 ebrietates
1263 3913 1292 3968 R

146 4003 161 4055 9
179 4019 230 4057 non
251 4004 314 4072 post
332 4000 488 4071 baptizatur
504 4003 569 4070 post
582 4003 608 4054 A
627 4017 681 4053 non
700 3999 871 4069 baptizatum
890 4003 932 4054 est
950 4003 1014 4070 post
1027 4001 1060 4054 N
1113 4002 1143 4055 11
1165 4003 1292 4070 quoniam

147 4091 250 4146 hereses
269 4091 297 4144 P
351 4089 383 4145 12
402 4089 446 4143 his
466 4089 493 4143 R
549 4091 582 4143 15
602 4088 648 4142 nia
665 4093 682 4142 h
700 4089 809 4156 parauit
829 4088 867 4154 (ia
884 4095 901 4142 ir
919 4089 1043 4157 capilli
1096 4090 1129 4143 18
1147 4099 1204 4159 per,
1222 4106 1291 4149 corr.
1356 4104 1359 4110 ·

147 4182 283 4250 m.1poet
300 4177 334 4232 N
403 4178 437 4232 19
456 4176 529 4247 quod
547 4177 582 4232 M
666 4176 792 4245 baptizat
809 4177 842 4230 N
911 4177 944 4231 21
966 4176 1061 4231 christi
1081 4181 1109 4232 et
1126 4177 1292 4247 baptismum

147 4266 266 4320 iohannis
285 4267 313 4320 P
329 4267 390 4323 edd.
481 4267 515 4321 23
534 4271 601 4336 post
623 4263 726 4322 Christi
748 4280 807 4322 roa.
831 4267 917 4320 unice
939 4266 997 4333 sere
1018 4284 1046 4319 a.
1067 4267 1293 4333 (ad-261.)R

181 4354 271 4409 datN
311 4357 346 4410 24
364 4357 446 4424 inter]
466 4355 581 4409 interest
600 4355 673 4408 inter
686 4355 713 4409 L
754 4353 789 4409 25
809 4371 825 4407 a
843 4355 978 4409 contrario
997 4354 1112 4409 multum
1131 4355 1247 4408 interest
1266 4358 1295 4409 ct

150 4447 291 4508 om.,m.2
309 4449 375 4498 ets.
395 4461 423 4498 u.
445 4443 510 4498 add.
529 4443 555 4497 L
628 4444 743 4498 multum
764 4460 780 4497 a
798 4442 934 4498 contrario
954 4443 983 4498 R
1056 4449 1084 4498 et
1102 4443 1202 4498 οπο
