3092 5217
276 692 359 751 rum,
381 672 557 750 libidinem,
581 690 644 753 qua
664 670 856 754 rapiebatur,
880 670 1021 735 stimulis
1045 670 1141 735 etiam
1164 673 1271 736 tantae
1295 672 1423 737 auctori-

276 779 353 842 tatis
378 777 531 855 accendit,
555 778 642 842 nullo
661 776 755 841 modo
775 776 806 841 in
825 776 908 841 illud
925 776 1085 860 flagitium
1102 777 1157 842 uel
1176 777 1422 860 concupiscendo

276 885 437 950 laberetur
459 885 513 949 uel
534 884 741 967 perpetrando
770 884 1010 967 inmergerctur,
1036 884 1063 947 si
1087 883 1239 949 Catonem
1262 885 1424 949 maluisset

276 992 396 1055 imitari
421 1010 515 1072 quam
543 991 671 1067 Ionem;
705 989 761 1054 sed
787 1009 848 1072 quo
872 994 964 1073 pacto
989 988 1021 1053 id
1044 990 1173 1065 faceret,
1198 1009 1270 1053 cum
1295 990 1327 1053 in
1351 993 1424 1055 tem·

277 1098 339 1182 plis
362 1098 491 1162 adorare
520 1101 686 1180 cogeretur
708 1095 820 1161 Iouem
848 1098 956 1178 potius
985 1116 1078 1179 quum
1109 1096 1282 1161 Catonem?
1317 1116 1424 1161 uerum
1451 1121 1461 1157 ⁵

276 1208 355 1271 haec
379 1225 415 1269 ex
438 1202 612 1281 comoedia,
638 1202 755 1285 quibus
779 1203 952 1286 impiorum
974 1204 1068 1268 luxus
1093 1206 1125 1268 et
1148 1204 1304 1288 sacrilega
1323 1222 1426 1287 super-

278 1312 367 1377 stitio
392 1310 643 1388 conuinceretnr,
667 1310 805 1392 proferre
829 1310 961 1375 forsitan
989 1330 1051 1375 non
1079 1310 1243 1377 debemus.
1275 1312 1348 1396 lege
1376 1311 1425 1373 uel

276 1420 391 1497 recole,
428 1418 460 1482 in
499 1417 620 1481 eisdem
655 1417 746 1481 libris
786 1435 882 1498 quam
918 1416 1090 1499 prudenter
1126 1416 1302 1483 disseratur
1339 1418 1423 1481 nullo

276 1525 370 1590 modo
407 1524 552 1607 potuisse
590 1522 779 1605 scriptiones
813 1527 845 1588 et
877 1524 1018 1588 actiones
1050 1525 1150 1607 recipi
1182 1525 1424 1601 comoediarum,

276 1632 339 1696 nisi
362 1650 466 1697 mores
489 1630 710 1713 recipientium
738 1634 957 1696 consonarent.
991 1631 1036 1695 ita
1064 1631 1315 1697 clarissimorum
1344 1633 1423 1697 uiro·
1441 1656 1462 1693 u

277 1758 348 1803 rum
372 1738 403 1803 in
427 1757 460 1801 re
483 1736 612 1821 publica
634 1736 856 1801 excellentium
881 1740 913 1802 et
936 1736 975 1803 de
995 1757 1028 1802 re
1046 1738 1176 1823 publica
1194 1738 1424 1821 disputantium

278 1844 468 1909 auctoritate
490 1844 634 1908 firmatur
657 1842 871 1925 nequissimos
899 1844 1042 1909 homines
1071 1844 1138 1909 lieni
1166 1845 1295 1917 deorum
1325 1845 1425 1910 imita-

278 1951 365 2015 tione
388 1949 511 2032 peiores
534 1968 596 2014 non
620 1968 695 2013 sane
719 1968 868 2013 uerorum
893 1950 947 2015 sed
971 1951 1123 2016 falsorum
1147 1954 1242 2033 atque
1268 1952 1423 2017 fictorum.

235 2058 254 2118 5
322 2058 367 2122 nt
389 2057 473 2122 enim
497 2056 554 2120 illa
577 2055 691 2134 omnia,
716 2072 796 2136 quae
820 2056 998 2139 antiquitus
1022 2056 1060 2121 de
1084 2056 1154 2121 uite
1176 2057 1307 2123 deorum
1334 2059 1424 2122 mori-

276 2165 400 2246 busque
429 2162 609 2244 conscripta
635 2164 720 2237 sunt,
747 2161 842 2245 longe
871 2161 963 2225 aliter
991 2164 1067 2225 sunt
1093 2162 1309 2247 intellegenda
1332 2170 1422 2247 atque
1441 2188 1461 2229 u

277 2268 510 2351 interpretanda
533 2267 741 2351 sapientibus.
764 2267 811 2331 ita
834 2286 908 2332 nero
932 2268 964 2332 in
988 2268 1116 2351 templis
1143 2270 1270 2351 populis
1298 2288 1423 2354 congre·

278 2376 361 2461 gatis
389 2374 515 2440 recitari
544 2375 678 2439 huiusce
705 2373 794 2439 modi
823 2374 966 2440 salubres
999 2375 1272 2458 interpretationes
1300 2377 1368 2441 heri
1394 2380 1424 2440 et

277 2482 510 2547 nudiustertius
535 2481 728 2545 audiuimus.
762 2500 880 2563 quaeso
904 2484 946 2559 te,
972 2480 1070 2546 sicine
1093 2500 1223 2545 caecum
1246 2485 1296 2546 est
1319 2482 1423 2547 huma·

277 2608 354 2652 num
386 2607 487 2673 genus
521 2586 676 2651 aduersus
708 2587 887 2665 ueritatem,
917 2590 955 2651 ut
982 2590 1047 2651 tam
1076 2590 1184 2669 aperta
1207 2592 1239 2652 et
1262 2588 1423 2653 manifesta

277 2714 338 2759 uon
371 2695 510 2759 sentiat?
537 2697 588 2758 tot
613 2694 694 2759 locis
721 2694 874 2777 pingitur,
902 2693 1055 2771 funditur,
1080 2693 1234 2777 tunditur,
1259 2695 1420 2778 sculpitur,
1438 2722 1459 2760 11

278 2802 436 2879 scribitur,
460 2801 589 2885 legitur,
613 2801 729 2882 agitur,
758 2803 912 2878 cantatur,
943 2800 1078 2865 saltatur
1100 2801 1246 2883 Iuppiter
1272 2801 1422 2866 adulteria

276 2914 366 2973 tanta
393 2907 608 2982 committens,
643 2910 796 2989 qnantum
827 2909 904 2984 erat,
932 2907 1023 2970 111111
1048 2924 1106 2971 suo
1131 2907 1245 2971 saltem
1270 2908 1420 2989 Capitolio

276 3014 340 3078 ista
370 3013 539 3095 prohibens
571 3014 751 3097 legeretur?
783 3010 861 3076 haec
889 3012 973 3077 mala
1001 3011 1163 3077 dedecoris
1191 3013 1421 3095 impietatisque

276 3120 462 3203 plenissima
485 3119 514 3184 si
536 3119 660 3183 nemine
684 3118 870 3201 prohibente
888 3116 920 3182 in
939 3119 1067 3202 populis
1086 3117 1239 3198 ferueant,
1261 3118 1421 3183 adorentur

275 3228 309 3291 in
333 3226 472 3309 templis,
495 3226 658 3289 rideantur
679 3226 711 3288 in
734 3225 879 3303 theatris,
905 3244 977 3290 cum
1000 3224 1051 3291 his
1074 3226 1223 3291 uictimas
1250 3225 1418 3304 immolant,
1437 3256 1459 3295 aa

277 3335 422 3397 uastetur
453 3350 551 3414 pecus
581 3332 677 3395 etiam
705 3349 892 3414 pauperum,
922 3350 994 3395 cum
1017 3332 1095 3395 heeo
1126 3332 1296 3397 histriones
1327 3336 1421 3415 agunt

278 3443 310 3503 et
342 3438 469 3516 saltant,
502 3437 702 3502 effundantur
732 3437 923 3520 patrimonia
954 3438 1102 3516 diuitum,
1135 3439 1283 3504 ciuitates
1318 3440 1419 3503 llorere

279 3545 448 3610 dicuntur?
480 3544 594 3609 horum
625 3547 719 3628 plane
746 3544 861 3608 tiorum
889 3564 949 3610 non
977 3548 1060 3609 terra
1087 3545 1211 3625 fertilis,
1236 3565 1297 3611 non
1321 3546 1417 3626 aliqua

367 3718 455 3771 8-10
475 3716 507 3773 cf.
528 3716 582 3771 Cic.
603 3716 637 3770 de
650 3700 712 3786 rep.
731 3718 828 3787 fragm.
847 3717 885 3771 IV
907 3718 947 3781 10,
968 3720 1000 3771 11

316 3843 331 3895 3
351 3842 395 3895 nel
414 3841 595 3912 perpetrando
615 3843 813 3910 inmergeretur
831 3858 882 3897 om.
902 3840 935 3894 K
1001 3844 1016 3894 5
1037 3840 1149 3895 adorare
1169 3858 1215 3895 eos
1235 3845 1373 3912 cogeretur
1390 3839 1417 3892 K

281 3932 468 3996 lactuca
491 3930 765 3997 corr.;fus'oseuid.
789 3929 1415 3997 1111111111111111111.11111111.

278 4036 312 4072 111.
324 4022 354 4083 2)
374 4020 402 4073 P
480 4019 645 4074 1111111111
714 4022 747 4074 18
765 4036 851 4089 genus
870 4020 1018 4073 humanum
1037 4018 1066 4073 11
1131 4020 1166 4074 20
1185 4019 1311 4073 tunditur
1327 4020 1415 4073 om.A

280 4108 312 4160 21
334 4109 440 4161 canitur
457 4109 485 4163 11
557 4110 1014 4173 saltus,corr.m.1saltaturll1
1065 4110 1241 4178 22111111
1295 4104 1414 4161 111111-

279 4199 358 4249 antur
370 4196 426 4251 Fu
441 4201 507 4265 (rus.
520 4196 670 4265 rideantur)
742 4197 878 4251 thesauris
892 4198 982 4252 MFA
1050 4198 1170 4251 uictimis
1184 4196 1244 4251 ΑΚ
1293 4198 1327 4250 26
1341 4196 1414 4248 etiarn

279 4285 403 4354 pecusR
474 4285 542 4340 hacc
556 4286 650 4340 (111111
705 4288 738 4341 28
759 4286 928 4341 dicantan
997 4291 1070 4341 terra
1088 4286 1183 4340 nonR
1257 4285 1414 4355 aliquam]

278 4390 366 4441 supro
384 4391 411 4428 u.
431 4374 462 4428 K

279 478 343 543 430
634 480 660 529 S.
688 477 826 530 Aureli
855 477 1075 545 Augustini
