3092 5217
302 471 345 533 66
661 468 688 523 S.
717 468 855 522 Aureli
882 469 1104 537 Augustini

303 665 431 746 propter
466 663 566 727 multo
605 662 719 726 melius
756 681 815 727 nec
845 662 931 727 iuste
965 664 1114 745 cuiquam
1146 665 1321 743 irascimur,
1354 685 1437 747 quam
1519 687 1521 770 p

302 770 395 833 uelut
420 770 504 833 iuste
527 768 690 833 irascendo
714 770 745 833 in
770 769 906 834 alicuius
931 770 1039 835 odium
1062 770 1126 835 irae
1149 775 1275 837 occulta
1296 773 1437 837 facilitate
1519 781 1520 870 ζ

304 876 491 941 delabimur.
529 876 560 940 in
597 876 787 959 recipiendis
826 877 908 941 enim
941 878 1124 959 hospitibus
1157 879 1276 963 ignotis
1308 880 1438 943 solemus
1519 879 1520 946 i

304 984 407 1047 dicere
444 984 545 1047 multo
584 1002 653 1047 esse
690 983 806 1047 melius
845 983 965 1047 malum
1003 985 1162 1049 bominem
1200 985 1323 1067 perpeti
1355 1004 1438 1067 quam
1519 1003 1521 1050 l

304 1091 435 1154 forsitan
469 1111 525 1171 per
556 1090 764 1173 ignorantiam
799 1090 922 1154 excludi
956 1091 1085 1167 bonum,
1118 1092 1194 1155 dum
1223 1111 1382 1169 eademne,
1407 1112 1475 1155 nea

304 1196 476 1279 recipiatur
511 1198 626 1263 malus.
666 1196 722 1261 sed
754 1197 786 1260 in
820 1195 984 1262 affectibus
1018 1198 1114 1261 animi
1147 1202 1256 1261 contra
1288 1202 1345 1261 est.
1376 1218 1440 1261 nam

303 1304 593 1386 incomparabiliter
625 1304 785 1368 salubrius
818 1307 868 1369 est
894 1304 958 1368 irae
987 1304 1082 1368 etiam
1109 1304 1194 1368 inste
1221 1305 1360 1387 pulsanti
1387 1324 1440 1367 non

304 1412 423 1494 aperire
447 1412 605 1494 penetrale
631 1412 733 1475 cordis
757 1431 852 1493 quam
876 1411 1042 1474 admittere
1066 1430 1127 1474 non
1146 1410 1238 1474 facile
1256 1429 1441 1474 recessuram
1519 1475 1520 1532 1

304 1521 338 1581 et
364 1522 587 1599 peruenturam
618 1518 655 1581 de
689 1518 817 1582 surculo
836 1518 890 1582 ·ad
923 1518 1054 1581 trabem.
1086 1517 1182 1581 audet
1214 1518 1331 1599 quippe
1362 1518 1442 1599 inpu-
1519 1573 1520 1610 ζ

306 1624 413 1688 denter
437 1626 533 1689 etiam
557 1644 696 1689 erescere
721 1624 828 1702 citius
853 1644 948 1707 quam
981 1628 1121 1706 putatur.
1154 1624 1477 1688 nonenimerube-10
1519 1627 1520 1630 ’

305 1732 368 1794 scit
394 1732 426 1795 in
455 1731 604 1809 tenebris,
634 1752 707 1795 cum
736 1751 832 1813 super
859 1751 929 1795 eam
958 1733 1006 1795 sol
1031 1732 1193 1796 occiderit.
1216 1731 1332 1795 recolis
1357 1732 1443 1795 certe.
1519 1757 1520 1814 j

305 1857 368 1919 qua
396 1857 471 1902 cura
499 1844 531 1902 et
559 1844 678 1920 quanta
711 1839 925 1903 sollicitudine
957 1839 1021 1902 iste
1052 1839 1243 1920 scripserim,
1277 1837 1305 1902 si
1328 1838 1443 1901 recolis.
1519 1829 1520 1912 ἶ

307 1945 382 2026 qnid
405 1964 530 2009 mecum
555 1964 654 2027 nuper
677 1945 707 2007 in
732 1946 844 2009 itinere
867 1945 1005 2026 quodam
1027 1945 1157 2008 locutus
1182 1944 1237 2009 sia.

260 2047 281 2109 3
349 2052 491 2116 Fratrem
520 2050 673 2117 Seuerum
707 2055 738 2116 et
771 2052 826 2134 qui
858 2071 930 2115 curn
964 2070 1001 2115 eo
1029 2054 1109 2115 ¹sunt
1137 2050 1324 2115 salutamus,
1357 2049 1444 2113 etiam
1519 2045 1520 2098 ἒ

306 2160 386 2242 ipsis
424 2160 558 2224 fortasse
597 2159 819 2235 scriberemus,
858 2159 884 2222 si
923 2178 978 2241 per
1015 2158 1250 2223 festinationem
1286 2155 1445 2239 perlatoris
1464 2184 1481 2219 n
1519 2169 1520 2172 ’

306 2267 426 2331 liceret.
460 2269 532 2349 peto
566 2270 685 2347 autem,
714 2269 751 2330 ut
779 2265 863 2347 apud
891 2265 1026 2329 eundem
1053 2264 1182 2328 fratrem
1209 2267 1354 2327 nostrum
1380 2262 1446 2325 Vic—
1519 2285 1520 2288 ¹

305 2378 429 2451 torem,
448 2373 499 2437 cni
529 2393 587 2456 ago
617 2374 712 2436 etiam
742 2372 825 2455 apud
853 2376 943 2437 tuam
971 2372 1173 2435 sanctitatem
1203 2371 1334 2453 gratias,
1358 2368 1446 2451 quod,
1519 2375 1520 2378 ’

306 2480 545 2544 Constantinam
574 2499 646 2545 cum
673 2483 828 2562 pergeret,
857 2478 1020 2569 indicauit,
1048 2476 1184 2560 petendo
1212 2477 1357 2553 adiubes,
1384 2494 1447 2557 pro·
1519 2461 1520 2470 ἵ

307 2589 377 2668 pter·
408 2586 582 2670 negotium,
607 2586 690 2669 quod
722 2587 791 2669 ipse
823 2574 924 2661 nouit,
958 2586 996 2649 de
1030 2605 1091 2666 quo
1125 2584 1352 2669 grauissimum
1378 2600 1447 2664 pon-

306 2694 367 2757 dus
391 2712 446 2775 pro
478 2712 515 2757 ea
546 2714 579 2757 re
612 2695 749 2758 multum
780 2692 977 2775 deprecantis
1009 2692 1151 2756 Nectarii
1183 2690 1312 2754 maioris
1341 2689 1447 2771 patior,
1464 2720 1483 2753 a

307 2819 362 2882 per
386 2800 546 2865 Calamam
570 2820 707 2865 remeare
731 2820 767 2865 ne
797 2804 961 2884 gradetur3
991 2799 1037 2863 sic
1070 2799 1153 2862 euim
1185 2796 1333 2880 promisit
1364 2794 1447 2859 mibi.

307 2909 389 2971 nale.

399 3101 429 3154 11
450 3100 519 3170 upa.
539 3100 564 3166 a,
585 3102 618 3154 ac

345 3278 358 3329 1
379 3276 477 3329 *sinete
496 3277 534 3343 (in
554 3278 635 3337 crus.)
656 3276 693 3328 Ρι
787 3276 803 3327 2
823 3276 890 3344 irae]
910 3276 951 3328 ira
971 3280 999 3328 et
1016 3272 1174 3328 MFAP¹R
1185 3290 1203 3324 a
1221 3272 1289 3325 mira
1307 3276 1337 3325 et
1355 3273 1451 3326 Pirae
1519 3337 1520 3340 Ἴ

308 3370 366 3417 cett.
387 3364 446 3418 edd.
538 3364 701 3433 3solemns]
720 3364 774 3416 ista
793 3364 908 3417 solemus
927 3364 964 3415 M
1051 3362 1269 3416 binnoccntiam
1289 3361 1316 3413 P
1394 3365 1449 3414 ne'b

310 3452 503 3523 (percarus.)
522 3452 552 3507 F
593 3454 710 3506 'tetiam
728 3454 783 3506 irae
803 3454 863 3506 edd.
907 3453 1030 3506 8eordis
1048 3451 1187 3522 penetrale
1206 3450 1233 3504 R
1288 3448 1454 3503 amittereF

309 3545 325 3594 9
345 3542 383 3611 et]
403 3542 438 3596 ed
456 3543 483 3593 A
555 3543 659 3596 sarculo
679 3543 716 3596 M
784 3542 969 3612 imprudenter
980 3541 1019 3595 P¹
1036 3541 1221 3610 imprudenter
1234 3540 1261 3592 P
1278 3537 1453 3608 inprudenter

307 3630 397 3685 MFA
453 3632 485 3684 12
505 3632 568 3700 qna]
588 3648 667 3700 quam
686 3632 830 3700 magnale
890 3634 922 3685 15
942 3631 1057 3684 fortasse
1076 3630 1142 3699 ipsis
1161 3628 1221 3682 edu.
1294 3628 1409 3680 forsitan
1427 3625 1453 3678 R

343 3738 391 3790 pro
406 3718 582 3775 festinatione
593 3722 618 3773 A
633 3724 743 3791 propter
754 3721 956 3775 festinationem
971 3719 998 3772 R
1037 3720 1069 3772 16
1084 3718 1154 3787 apud
1168 3735 1220 3771 om.
1230 3717 1267 3770 Ρί
1307 3719 1339 3770 17
1355 3716 1452 3770 sancti-

307 3813 392 3863 tatem
410 3813 486 3863 tuam
505 3811 532 3865 It
589 3810 621 3863 18
641 3827 699 3864 cum
721 3810 918 3863 constantinam
937 3810 965 3863 R
1020 3808 1207 3869 constantiam,
1227 3823 1294 3860 corr.
1313 3810 1375 3859 m.1
1393 3822 1453 3859 con·

308 3899 504 3951 stantinamP
557 3898 936 3969 20ea]aMFbacAae
990 3894 1263 3965 22unlelualdeP
