3092 5217
304 503 370 568 534
674 502 702 558 S.
729 501 866 556 Aureli
893 501 1111 572 Augustini

303 712 361 759 noo
394 693 532 777 epistula
563 697 620 760 tua
652 695 822 779 quiequam
854 696 947 761 nobis
980 696 1020 762 de
1056 697 1156 762 tantis
1192 698 1442 766 tribulationibus

304 802 421 867 uestris
457 801 676 880 insinuauerit,
719 820 800 885 quae
836 802 949 886 utique
989 822 1048 885 por
1082 805 1207 869 uiscera
1243 806 1382 871 cantatis
1416 810 1445 872 et
1526 836 1527 875 ÷

302 912 430 975 nostrae
459 911 543 988 sunt,
578 909 639 975 nisi
671 909 752 976 forte
785 910 966 976 iaoiendnm
998 930 1061 977 non
1092 913 1226 994 putasti,
1261 913 1347 996 qnod
1372 914 1444 979 nibil

303 1015 453 1099 prodesse
486 1016 605 1081 duxisti
647 1019 702 1082 aut
732 1035 792 1082 nos
825 1017 891 1083 tuis
922 1017 1040 1084 litteris
1072 1017 1277 1084 maestificari
1310 1020 1445 1088 noluisti.

302 1122 432 1205 prodest
455 1123 585 1207 aliquid,
610 1128 765 1207 quantum
794 1143 853 1209 ego
878 1124 1021 1204 arbitror,
1049 1125 1147 1190 etiam
1168 1125 1232 1190 ista
1255 1144 1445 1211 cognoscere,
1469 1149 1480 1190 ι

302 1230 404 1312 primo
425 1230 500 1313 quia
517 1229 674 1296 iniustum
692 1235 744 1296 ost
767 1231 946 1316 gaudere
964 1231 1048 1296 uelle
1068 1251 1154 1296 oum
1173 1232 1445 1316 gaudentibus
1527 1229 1528 1244 ¹

304 1339 337 1401 et
360 1336 462 1401 ilere
482 1355 543 1402 non
562 1337 647 1402 uelle
666 1357 752 1404 oum
771 1337 989 1416 flentibus,
1009 1337 1121 1403 deindo
1136 1340 1213 1421 quia
1229 1339 1446 1406 tribulatio

302 1443 548 1525 patientiam
581 1447 785 1527 operatur,
815 1445 1020 1528 patientia
1052 1446 1348 1529 probationem,
1371 1467 1446 1530 pro-

305 1549 416 1614 batio
448 1569 567 1633 spem,
597 1571 690 1635 spes
718 1554 852 1617 autom
880 1572 954 1618 non
978 1552 1208 1632 confundit,
1238 1553 1336 1636 quia
1357 1555 1446 1619 oeri-

304 1657 366 1720 tas
392 1656 456 1721 dei
483 1657 644 1723 diffusa
672 1660 736 1724 est
763 1657 803 1722 in
832 1659 1027 1724 sordibus
1053 1659 1212 1724 nostris
1241 1678 1312 1742 por
1340 1660 1482 1742 spiri-o
1528 1644 1529 1647 '

305 1768 387 1830 tum
411 1767 606 1842 sanotnm,
631 1765 699 1848 qni
723 1763 844 1830 datus
868 1769 932 1830 est
953 1765 1081 1831 nobis.

258 1861 278 1923 2
346 1871 443 1936 Absit
468 1871 587 1954 itaque,
620 1876 658 1936 ut
688 1891 873 1938 recusemus
902 1873 1022 1951 andire,
1055 1873 1153 1937 etiam
1181 1890 1263 1954 qnae
1290 1891 1396 1938 amara
1420 1876 1449 1938 et

303 1979 409 2045 tristia
436 1981 512 2045 sunt
539 1997 613 2064 erga
641 1979 826 2045 sanissimos
854 1981 992 2045 nostros.
1024 1979 1133 2044 nesoio
1158 1998 1221 2062 quo
1249 1979 1335 2044 enim
1361 1979 1447 2044 modo

303 2086 410 2152 minus
443 2086 489 2163 iit,
522 2085 608 2169 quod
639 2086 800 2169 patitur
831 2105 951 2151 unum
983 2085 1212 2164 membrum,
1245 2086 1273 2150 si
1302 2105 1447 2168 eompa-

302 2195 465 2262 tinntnr
503 2193 584 2258 alia
619 2184 804 2258 membra.
841 2212 898 2258 neo
930 2192 1002 2275 ipsa
1033 2192 1109 2257 mali
1141 2192 1296 2258 releuatio
1330 2191 1370 2256 fit
1399 2211 1483 2276 pers

304 2300 558 2366 communionem
582 2299 682 2365 eladis
710 2299 768 2364 sed
795 2318 853 2381 per·
876 2299 1026 2365 solatium
1050 2297 1204 2377 caritatis,
1232 2300 1278 2376 nt,
1308 2298 1448 2382 quamuis

304 2407 358 2472 aiii
391 2405 518 2472 ferendo
550 2407 725 2490 patiuntur,
758 2406 814 2471 alii
842 2405 1061 2490 cognoscendo
1090 2405 1340 2487 compatiuntur,
1373 2423 1449 2470 oom-
1530 2392 1531 2415 ³

303 2513 409 2579 munis
443 2513 486 2579 sit
516 2516 622 2579 tamm
654 2512 831 2592 tribulatio,
864 2512 982 2596 quibus
1013 2511 1171 2597 probatio,
1208 2529 1293 2595 spes,
1327 2510 1448 2576 dilectio

303 2621 499 2706 spiritusque
523 2619 701 2687 communis
731 2624 791 2686 ost.
820 2639 929 2686 omnes
957 2624 1065 2685 autom
1092 2638 1150 2685 nos
1174 2619 1322 2685 dominns
1346 2636 1449 2683 oonso·

302 2729 398 2806 latur,
431 2729 486 2812 qui
513 2729 545 2793 et
576 2728 654 2793 haee
686 2728 876 2810 temporalia
907 2728 992 2792 mala
1020 2725 1177 2810 praedixit
1207 2730 1241 2790 et
1272 2729 1349 2809 post
1378 2725 1449 2789 baso
1462 2747 1484 2787 a

303 2836 385 2901 bona
403 2837 530 2900 aeterna
547 2834 704 2917 promisit.
723 2853 781 2900 neo
801 2833 905 2911 debet,
929 2852 1002 2898 oum
1024 2833 1208 2917 proeliatur,
1232 2831 1375 2916 infringi,
1399 2832 1448 2914 qui

304 2942 378 3007 nult
399 2945 474 3024 post
495 2941 652 3026 proelium
676 2939 829 3018 ooronari,
857 2939 1022 3009 uirsaillo
1052 2939 1313 3006 subministrante
1336 2943 1449 3004 certan-

305 3049 402 3125 tibus,
428 3047 484 3131 qui
505 3051 671 3132 praeperat
692 3047 866 3114 ineffabilia
889 3047 971 3113 dona
993 3045 1180 3112 nioton'bus.

393 3295 409 3346 6
428 3293 504 3346 Rom.
525 3293 567 3356 12,
589 3293 621 3347 15
677 3292 788 3346 711οω.
808 3295 834 3358 5,
852 3291 924 3348 3-5
981 3290 1125 3347 141001.
1147 3293 1189 3351 12,
1207 3293 1244 3346 26

342 3435 355 3487 1
375 3432 454 3487 nobis
474 3433 617 3503 quicquam
636 3431 664 3486 R
736 3433 753 3486 2
773 3437 802 3487 et
820 3448 871 3490 om.
890 3431 946 3486 PF
963 3431 1041 3498 (odet
1059 3437 1129 3495 nal)
1201 3431 1353 3502 Spatasti]
1372 3434 1447 3501 putas

304 3523 356 3577 tibi
374 3522 412 3575 P¹
484 3522 502 3576 4
521 3520 613 3576 dixisti
632 3521 790 3576 MFAP¹o
874 3521 1054 3576 moestificare
1072 3521 1109 3574 M
1178 3521 1298 3575 {setiam
1316 3536 1376 3583 osu,
1394 3522 1448 3572 sui

306 3611 371 3667 odd.
389 3611 424 3664 Μ
515 3611 666 3679 tprimnm
684 3610 712 3666 R
803 3611 818 3665 2
837 3627 892 3665 non
910 3610 995 3678 nelle]
1014 3609 1086 3664 nolle
1104 3610 1132 3665 R
1207 3609 1369 3680 8probatio
1387 3625 1446 3663 nero

304 3717 379 3770 spem
397 3698 436 3754 Μ
505 3700 521 3754 9
540 3703 631 3753 antem
650 3715 704 3753 nou
722 3700 764 3754 bis
781 3699 810 3754 A
879 3700 913 3754 12
930 3715 1059 3763 resemns,
1076 3713 1146 3753 oorr.
1165 3704 1227 3752 sul
1243 3713 1396 3753 reonsemns
1413 3697 1447 3750 P¹

307 3789 339 3842 13
357 3789 472 3842 tristitia
490 3787 556 3840 PP¹
576 3788 609 3853 (ti
629 3803 687 3856 esp.
706 3790 782 3854 Μ)
895 3804 948 3857 qno
967 3787 1050 3856 enim]
1071 3787 1142 3840 enim
1161 3785 1226 3855 (dol.
1244 3804 1280 3840 m.
1299 3792 1332 3841 ut
1347 3786 1445 3848 aial)

305 3893 357 3948 quo
377 3879 448 3931 enim
466 3877 504 3933 Μ
556 3879 589 3932 15
610 3877 672 3944 alia,
690 3880 749 3931 m.1
765 3893 854 3946 supro
870 3875 885 3930 i
902 3876 991 3931 omnis
1005 3875 1033 3930 R
1104 3875 1237 3930 releuatio
1256 3875 1315 3938 (len
1332 3892 1363 3930 a
1380 3889 1445 3930 oorr.

304 3983 339 4020 m.
357 3971 390 4020 at
406 3967 465 4024 uid.
484 3971 514 4032 1,·
530 3967 618 4034 fuisse
634 3965 694 4020 uid.
710 3965 764 4033 nel)
778 3965 806 4019 P
821 3966 955 4020 reuelatio
968 3965 1059 4020 MFA
1077 3965 1155 4033 (Μ
1171 3963 1317 4030 releuatio)
1328 3964 1364 4018 Ρι
1382 3966 1445 4026 (ras.

304 4061 329 4110 et
348 4071 417 4110 oorr.
435 4055 578 4123 relsnstio)
671 4055 704 4110 lt
722 4053 795 4109 eladi
812 4052 879 4109 FP¹
898 4057 974 4123 (m
992 4052 1088 4115 oiadisi
1172 4055 1310 4124 quamuis]
1329 4069 1394 4123 qaas
1410 4051 1445 4106 P¹

306 4145 339 4198 17
357 4145 498 4214 patiantur
514 4143 543 4197 P
631 4144 832 4213 compatiantur
848 4143 877 4196 P
893 4143 1034 4214 patiuntur
1051 4141 1079 4198 R
1171 4143 1205 4198 19
1223 4143 1402 4212 spiritnsqnae
1420 4144 1446 4206 (a

305 4231 368 4298 del.)
395 4231 423 4285 P
510 4233 605 4302 omnis,
630 4248 699 4288 coss.
723 4249 758 4287 m.
784 4237 817 4286 ut
841 4231 900 4287 uid.
925 4237 941 4285 1
966 4249 1058 4286 omnes
1083 4231 1115 4286 F
1184 4232 1220 4287 20
1244 4235 1274 4286 et
1297 4232 1353 4292 hae.
1376 4234 1446 4284 aaz?

305 4320 418 4375 ethaeo
436 4319 473 4374 P²
553 4321 588 4375 22
605 4321 761 4391 praemium,
781 4337 851 4376 sorr.
872 4320 978 4388 (m.1?)
996 4320 1129 4391 praelium
1148 4321 1176 4374 Δ
1249 4320 1285 4374 23
1303 4318 1444 4374 ineffabilia

305 4408 377 4464 dona
393 4411 490 4480 propat
505 4407 535 4464 R
1001 4433 1010 4448 0
