3092 5217
316 496 382 557 460
671 493 698 548 S.
730 493 866 545 Aureli
895 493 1111 562 Augustini

315 688 396 751 falsa
419 707 476 752 seu
500 705 576 751 uera
598 686 802 751 nescierunt?
831 686 902 769 quis
930 687 1021 751 locus
1050 687 1246 752 innocentiae
1273 692 1448 753 reseruatm.

315 794 343 857 si
367 794 483 858 crimen
508 798 559 858 est
580 793 742 875 proprium
766 794 888 858 nescire
912 793 1030 857 crimen
1055 794 1215 858 alienum?
1239 813 1331 876 porro
1357 794 1382 858 si
1408 800 1449 859 tot

315 901 456 984 gentium
482 900 616 981 populos
639 900 710 982 ipsa
732 899 920 983 ignorantia,
945 900 1030 965 sicut
1054 900 1174 964 dictum
1198 904 1258 977 est,
1283 900 1449 965 innocentes

315 1006 464 1083 ostendit,
493 1026 588 1088 quam
615 1025 766 1089 magnum
797 1005 913 1069 crimen
945 1012 994 1069 ost
1022 1007 1059 1069 ab
1089 1006 1224 1069 istorum
1247 1005 1449 1070 innocentium

314 1113 534 1179 communione
559 1114 717 1196 separari?
741 1132 813 1176 nam
837 1118 870 1176 et
892 1114 976 1177 sacta
999 1114 1190 1185 nocentium,
1215 1131 1296 1194 quac
1320 1112 1450 1177 innocen·
1474 1138 1483 1174 ε

314 1220 400 1284 tibus
425 1219 633 1285 demonstrari
656 1218 708 1283 uel
732 1220 770 1283 ab
795 1219 1015 1284 innocentibus
1039 1220 1124 1283 credi
1148 1238 1208 1283 non
1233 1224 1377 1300 possunt,
1398 1238 1450 1283 non

313 1328 480 1409 inquinant
501 1346 703 1409 quemquam,
723 1326 752 1389 si
770 1330 899 1408 propter
916 1324 1131 1390 innocentium
1150 1324 1345 1390 consortium
1365 1325 1450 1389 etiam
1519 1363 1520 1421 ἓ

314 1432 440 1516 cognita
468 1434 676 1497 sustinentur.
708 1452 769 1497 non
799 1432 882 1496 enim
912 1436 1040 1514 propter
1064 1433 1164 1496 malos
1188 1432 1263 1496 boni
1286 1431 1449 1509 deserendi,

311 1538 368 1603 sed
400 1542 528 1621 propter
555 1538 656 1603 bonos
683 1537 759 1601 mali
787 1536 943 1601 tolerandi
972 1540 1057 1615 sunt,
1088 1537 1173 1601 sicut
1194 1536 1370 1601 tolerarunt
1390 1556 1450 1619 pro·
1519 1532 1520 1535 ’

311 1645 436 1726 phetae,
460 1649 568 1709 contra
592 1664 671 1726 quos
694 1647 783 1709 tanta
806 1644 962 1721 dicebant,
993 1662 1048 1707 nec
1078 1644 1329 1708 communionem
1361 1661 1450 1707 sacre-
1465 1672 1483 1705 n

312 1754 490 1816 mentorum
526 1750 615 1815 illius
652 1750 763 1832 populi
804 1750 1032 1831 relinquebant,
1076 1749 1160 1813 sicut
1200 1748 1269 1830 ipse
1312 1748 1448 1814 dominus

310 1860 475 1921 nocentem
508 1856 619 1921 ludam
651 1875 755 1939 usque
784 1856 822 1920 ad
850 1856 1041 1939 condignum
1070 1856 1139 1921 eius
1169 1855 1286 1928 exitum
1311 1855 1449 1920 tolerabit

311 1967 344 2027 et
376 1983 449 2028 eum
481 1982 604 2028 sacram
636 1982 745 2028 cenam
779 1982 851 2027 cum
882 1963 1103 2028 innocentibus
1131 1963 1365 2028 communicare
1391 1981 1448 2042 per-

312 2072 410 2149 misit,
444 2072 529 2135 sicot
559 2071 735 2135 tolerarunt
762 2071 899 2151 apostoli
928 2089 992 2146 eos,
1023 2070 1078 2154 qui
1105 2090 1161 2154 per
1182 2069 1349 2151 inuidiam,
1373 2069 1447 2150 qnod

311 2178 413 2261 ipsius
442 2177 561 2243 diaboli
588 2177 705 2241 uitium
733 2180 792 2254 est,
818 2177 979 2243 Christum
1010 2176 1247 2257 adnuntiabunt,
1272 2177 1359 2241 sicut
1380 2176 1447 2239 tole·
1463 2200 1480 2235 n
1519 2190 1520 2277 i

310 2286 394 2349 rauit
421 2282 597 2368 Cyprianus
630 2282 824 2367 collegarum
858 2284 1033 2363 auaritiam,
1063 2302 1157 2366 quam
1186 2284 1362 2348 secundum
1384 2302 1447 2365 apo·

309 2389 428 2453 stolum
453 2388 592 2471 appellat
613 2388 802 2453 idolatriam.
825 2393 985 2474 postremo
1010 2390 1161 2473 quicquid
1183 2395 1260 2455 tunc
1284 2391 1446 2455 interillos
1519 2386 1520 2477 l

310 2496 476 2578 episcopos
515 2500 643 2579 gestum
679 2499 738 2573 est,
778 2497 872 2561 etiam
910 2498 938 2563 si
970 2498 1051 2563 forte
1083 2498 1121 2562 ab
1154 2498 1316 2581 aliquibus
1348 2518 1445 2563 eorum
1519 2500 1520 2529 ¹

309 2601 479 2676 sciebatur,
509 2602 536 2665 si
565 2620 625 2665 non
654 2600 699 2665 sit
725 2603 868 2683 acceptio
895 2622 1110 2686 personarum,
1139 2624 1222 2669 nunc
1245 2605 1284 2668 ab
1310 2605 1445 2669 omnibus

308 2708 480 2791 ignoratur.
523 2727 579 2772 eur
619 2728 693 2793 ergo
734 2729 794 2773 non
832 2711 871 2774 ab
912 2712 1059 2776 omnibus
1090 2732 1149 2796 par
1181 2716 1338 2776 amaturP‘
1377 2712 1479 2775 haece
1519 2714 1520 2797 ᾗ

308 2814 459 2879 facillime
489 2816 628 2899 cogitare
655 2817 794 2899 possetis
824 2822 879 2881 aut
909 2820 1045 2884 fortasse
1078 2821 1172 2884 etiam
1207 2820 1365 2904 cogitatis.
1396 2817 1445 2883 sed
1519 2848 1520 2903 l

306 2921 422 2986 melina
446 2926 522 2989 erat.
546 2925 583 2986 ut
606 2922 753 2987 amaretis
783 2926 1000 3005 possessiones
1028 2930 1178 3003 terrenae,
1207 2946 1286 3009 quas
1314 2926 1445 2991 timendo

307 3028 435 3110 perdere
478 3030 623 3113 cognitae
664 3031 793 3095 ueritati
831 3033 1060 3109 consentiretis,
1099 3052 1193 3115 quam
1231 3037 1269 3099 ut
1305 3034 1443 3098 amaretis
1519 3041 1520 3125 l

397 3341 617 3409 14Pnil.1,1o
709 3343 742 3397 ro
766 3344 833 3412 Epn.
860 3348 885 3409 a,
909 3347 937 3399 c:
964 3344 1020 3399 eor.
1044 3346 1069 3401 a.
1094 3348 1121 3404 5:
1148 3344 1226 3416 cypr.
1250 3364 1291 3415 ep.
1317 3348 1441 3402 oon-21

306 3447 331 3497 p.
351 3431 412 3490 644,
432 3430 564 3493 21-645,
585 3434 600 3485 7
620 3432 662 3485 ed.
682 3433 786 3486 llartel.
1519 3436 1520 3471 i

340 3658 541 3727 3ipoaom.('
584 3659 831 3729 bquaelquoclA
877 3662 1130 3730 'lcoinquiuantR
1176 3664 1440 3729 &sustinetunmu
1519 3688 1520 3701 π

303 3750 473 3801 sustinentur
491 3748 525 3800 M
544 3749 727 3803 sustinenetur
745 3750 772 3801 A
827 3750 890 3803 boni
911 3767 960 3804 orio.
981 3750 1007 3803 L
1047 3751 1063 3803 9
1083 3750 1201 3805 tolerare
1220 3769 1281 3805 mcor
1299 3768 1354 3807 rua.
1366 3768 1441 3820 nepti·

303 3854 320 3888 n
341 3842 411 3896 lna!
430 3838 460 3889 io
479 3854 563 3905 mary.
583 3842 643 3903 unt>
663 3837 700 3891 Μ
714 3837 901 3891 tolerauorunt
921 3840 947 3895 R
966 3839 1026 3893 edd.
1046 3840 1196 3893 tolerauere
1217 3840 1241 3893 L
1287 3844 1319 3895 10
1333 3841 1397 3895 talia
1409 3840 1441 3893 bl

338 3953 446 4005 dicebat
463 3954 723 4016 necommunionem,
742 3956 807 4007 Μ)
826 3953 935 4008 dicebat
952 3924 1204 4009 ireoommunionem
1225 3956 1249 4010 0
1323 3960 1355 4012 13
1373 3960 1436 4023 euml

301 4059 362 4094 cum
384 4043 407 4091 (⁴
470 4044 503 4095 14
521 4042 707 4095 toletanorunt
724 4042 752 4096 R
819 4045 849 4097 16
869 4044 1038 4113 collegerunt
1056 4046 1082 4097 A
1151 4046 1182 4099 17
1203 4046 1334 4116 appellati
1353 4047 1372 4112 (i
1390 4046 1436 4099 aar.
1519 4108 1520 4113 ἵ

301 4148 336 4183 or.
351 4131 453 4183 utreid.
469 4135 492 4198 l)
507 4129 686 4183 dolntrianrd
755 4131 937 4187 idololatriam
953 4134 1012 4188 aad.
1025 4140 1135 4201 procur
1150 4148 1187 4186 α’
1225 4136 1258 4189 19
1273 4152 1436 4205 personarum

301 4219 423 4287 acceptio
442 4222 470 4274 R
559 4220 592 4271 21
617 4220 745 4274 facillime
770 4222 902 4291 cogitare]
928 4222 1055 4276 facillime
1076 4224 1213 4286 facillime,
1233 4228 1301 4277 Μ
1318 4223 1435 4279 facillime
1519 4268 1520 4273 ,

302 4308 422 4375 cogitare
445 4308 482 4361 Μ
557 4310 591 4361 ’22
618 4310 801 4378 possessiones
830 4312 957 4365 anierolis
980 4311 1007 4365 R
1095 4314 1436 4381 possessiones-amaretis

300 4414 351 4450 orie.
371 4396 397 4449 L
