3092 5217
514 473 782 578 epistularum
811 509 904 564 XLVI.
1216 515 1279 580 125

133 780 135 783 ¹
169 703 228 767 Ili.
258 703 339 767 Item
369 703 407 767 ab
437 704 499 770 alio
527 705 647 784 audiui,
683 706 766 788 quod
800 707 984 773 oouduotoui
1017 727 1077 771 uon
1110 707 1234 772 iuratur·
1262 726 1280 770 a

124 810 271 886 barbaro,
295 813 329 874 et
355 811 437 874 alter
464 810 554 888 dixit,
583 812 658 893 quis
681 812 805 877 iuratur
828 813 1023 878 conductori.
1050 813 1078 878 si
1102 814 1198 878 otiam
1222 814 1279 878 fal-

124 935 195 980 sum
225 916 307 980 mibi
335 915 415 982 dixit
440 916 508 996 ille,
539 918 594 1000 qui
621 917 701 982 dixit
726 918 824 983 iurari
853 921 1048 998 conductori,
1074 921 1101 986 si
1130 921 1193 984 ium
1221 939 1277 1004 pro

124 1021 193 1100 hoo,
219 1021 308 1105 quod
331 1023 436 1088 solum
459 1023 580 1101 audiui,
604 1042 666 1088 uou
690 1025 788 1090 debeo
814 1026 861 1090 uti
886 1025 923 1090 de
948 1026 1026 1108 ipsis
1051 1026 1197 1111 frugibus
1224 1029 1278 1090 uel

124 1130 162 1194 de
189 1130 296 1212 pretio
323 1131 464 1212 ipsarum
494 1134 623 1215 proptor
649 1131 794 1196 auditum
824 1134 939 1212 solum,
969 1133 1043 1216 quia
1066 1133 1188 1198 dietum
1213 1139 1277 1198 ost:

125 1235 165 1302 Si
184 1237 279 1318 quis
300 1241 432 1301 autem
453 1236 620 1303 dixerit:
640 1239 727 1304 ‘Hoc
746 1239 1038 1304 immolaticium
1058 1244 1117 1304 est
1134 1240 1278 1316 idolio,’

123 1343 258 1408 nolite
280 1343 520 1410 manduoaro
543 1349 711 1429 propter
734 1345 873 1410 illum?
898 1347 926 1410 si
949 1353 1055 1412 tamen
1081 1346 1176 1412 etiam
1196 1347 1273 1412 baeu

123 1469 221 1514 rausa
259 1450 375 1515 similis
412 1454 463 1515 est
499 1469 614 1516 causae
642 1451 681 1515 de
708 1452 939 1518 immolaticio?
973 1452 1058 1535 quod
1087 1454 1115 1518 si
1142 1452 1188 1517 ita
1217 1457 1276 1528 est,

124 1557 200 1638 quid
233 1557 334 1621 debeo
364 1557 402 1622 de
429 1558 509 1640 ipsis
538 1558 685 1642 frugibus
716 1560 767 1624 uel
796 1559 833 1623 de
861 1560 963 1643 pretio
986 1560 1128 1641 ipsarum
1153 1561 1276 1624 faeere?

84 1684 107 1721 ro
166 1663 226 1728 IV.
252 1662 287 1728 Si
316 1664 415 1729 debeo
444 1663 603 1748 requirere
632 1665 670 1729 de
702 1669 849 1749 utroque,
883 1665 938 1748 qui
970 1665 1050 1729 mihi
1083 1666 1171 1741 dixit,
1205 1667 1279 1749 quia

123 1788 183 1832 uon
209 1771 334 1834 iuretur
357 1771 552 1849 conductori,
576 1776 633 1836 aiut
655 1775 709 1855 qui
733 1772 821 1850 dixit,
845 1773 919 1854 quia
941 1773 1065 1837 iuratur
1083 1773 1278 1850 eouduotori,

124 1881 156 1940 et
182 1877 309 1941 dictum
337 1878 591 1961 uniuscuiusque
619 1880 749 1962 probare
772 1899 828 1962 per
851 1883 962 1958 testes
988 1879 1041 1962 qui
1065 1897 1177 1944 uerum
1201 1879 1279 1944 dixit

125 1984 162 2047 de
189 1983 260 2048 illis
288 1984 423 2062 duoburr,
448 1988 570 2050 ettam
595 1986 650 2050 diu
674 2006 735 2051 uou
760 1987 940 2070 contingere
965 1986 1106 2069 deipsis
1130 1986 1277 2070 frugibus

123 2091 176 2156 uel
210 2091 252 2154 de
280 2090 394 2174 pretio,
428 2110 523 2173 quam
556 2092 610 2156 diu
648 2092 728 2157 mihi
765 2093 934 2174 probatum
966 2092 1072 2170 fuerit,
1106 2092 1134 2157 si
1167 2112 1276 2157 uorum

84 2214 108 2254 1⁵
125 2197 204 2261 dixit
226 2198 293 2274 ille,
318 2198 370 2280 qui
394 2198 482 2278 dixit,
507 2199 581 2280 quia
603 2218 665 2263 nou
687 2200 811 2275 iuratur·
835 2199 1040 2264 conductori?

167 2305 208 2367 V.
234 2304 269 2368 Si
293 2304 456 2383 barbarus,
488 2305 544 2387 qui
571 2325 627 2388 per
654 2307 867 2371 iuramentum
903 2326 998 2370 suum
1030 2306 1114 2370 iurat
1145 2306 1276 2382 malurn,

124 2410 237 2475 feeerit
272 2410 365 2475 illum
403 2411 620 2477 christianum
657 2413 882 2478 conductorem
920 2413 973 2477 uel
1010 2412 1184 2490 tribunum,
1223 2412 1277 2495 qui

125 2517 220 2581 limiti
252 2521 390 2599 praeest,
422 2519 526 2583 iurare
559 2519 622 2584 sibi
654 2539 709 2602 pro
737 2520 798 2584 fide
826 2519 876 2583 illi
905 2519 1059 2584 seruanda
1087 2537 1142 2601 pro
1172 2521 1276 2582 eusto-

126 2624 250 2688 dieudis
281 2625 428 2708 frugibus
459 2643 516 2708 per
547 2626 654 2709 ipsum
687 2626 903 2704 iuramentum,
932 2627 1075 2702 mortale,
1108 2644 1163 2707 per
1192 2624 1275 2708 quod

85 2729 193 2813 eipso
219 2732 315 2809 iurat,
345 2731 373 2795 si
401 2732 490 2797 solus
518 2732 572 2796 ille
602 2731 802 2798 Christianus
831 2732 1074 2814 coinquinetur?
1103 2732 1130 2796 si
1158 2751 1220 2795 uon
1244 2735 1276 2795 et

125 2838 190 2916 ills,
219 2857 355 2919 quorum
382 2857 479 2903 eausa
504 2839 610 2902 iurat?
635 2843 691 2902 out
714 2839 742 2902 si
765 2856 919 2922 paganus,
944 2837 998 2920 qui
1021 2837 1117 2902 limiti
1140 2839 1275 2919 praeest,

125 2943 277 3009 iurauerit
300 2945 431 3009 barbaro
454 2963 510 3028 pro
534 2943 596 3009 fide
619 2945 669 3009 illi
692 2945 848 3009 seruanda
876 2963 932 3027 per
961 2945 1093 3008 mortale
1121 2943 1277 3008 iuramen-

125 3054 205 3125 tum,
233 3051 262 3114 si
289 3069 351 3115 nou
378 3051 537 3133 inquinat,
565 3071 621 3133 pro
650 3051 765 3132 quibus
795 3051 899 3115 iurat?
925 3051 1070 3132 siquem
1094 3050 1210 3113 misero
1235 3049 1273 3112 ad

214 3207 263 3261 61
282 3207 344 3264 Cor.
365 3207 408 3271 10,
428 3209 462 3262 28

161 3351 175 3402 l
195 3349 316 3402 iuratum
333 3348 449 3402 barbaro
468 3349 495 3401 A
531 3350 548 3402 2
568 3348 725 3402 conductori
745 3366 795 3405 om.
815 3349 843 3404 R
863 3349 1020 3402 conductori
1038 3364 1099 3402 eum
1119 3365 1175 3402 ros.
1194 3348 1275 3414 infra

127 3453 159 3489 uo
180 3443 206 3489 et
227 3453 316 3505 supra
338 3441 437 3505 (supra
454 3438 465 3490 i
483 3453 553 3491 erar.
576 3439 648 3504 uid.)
672 3438 709 3491 M
731 3437 864 3491 conditori
888 3438 943 3492 ΓΑ
1051 3437 1150 3490 fulsum
1174 3437 1216 3490 bis
1238 3437 1275 3489 M

127 3527 219 3594 3qui]
240 3526 303 3593 quio
319 3525 445 3579 MFAa
516 3527 605 3580 iurare
623 3527 652 3580 R
724 3526 859 3580 conditori
878 3525 967 3580 MFA
1039 3526 1120 3579 duel
1138 3526 1229 3594 precio
1248 3525 1275 3578 R

128 3618 299 3684 §proptera
317 3614 354 3668 P¹
396 3615 524 3669 dautem
543 3615 603 3684 quis
622 3615 683 3669 edd.
737 3615 950 3678 immolatitium,
970 3618 1035 3671 m.2
1052 3615 1221 3668 immolatum
1236 3613 1274 3666 P¹

162 3708 204 3756 est
221 3720 273 3758 om.
290 3703 329 3757 M
381 3703 505 3772 iillum]
525 3704 602 3757 illum
622 3704 669 3772 qui
687 3703 821 3757 indicauit
840 3703 899 3759 edd.
918 3719 967 3756 seo.
987 3720 1058 3756 sacr.
1080 3703 1133 3756 litt.
1206 3703 1274 3756 haec

129 3793 208 3845 etiam
222 3793 336 3861 punctis
354 3808 423 3847 corr.
442 3792 479 3846 M
576 3793 694 3847 8oausu
712 3808 763 3846 om.
783 3792 820 3845 M
926 3792 1016 3856 simili,
1035 3794 1103 3844 m.2
1121 3791 1218 3844 similis
1238 3790 1276 3844 Pl

130 3882 161 3934 12
178 3898 228 3950 per
246 3883 340 3950 testes]
360 3885 496 3950 partestes
514 3881 545 3935 F
613 3882 669 3950 qui,
689 3886 755 3938 m.2
773 3882 834 3950 quis
854 3881 890 3934 Ρι
963 3881 1088 3934 dixerunt
1107 3880 1134 3932 A
1192 3881 1224 3933 13
1246 3882 1274 3932 et

128 3971 194 4039 taur]
212 3971 294 4023 etium
312 3970 402 4023 MFA
422 3971 521 4023 aetiam
542 3973 584 4036 (ue
604 3976 630 4023 et
647 3970 658 4023 i
676 3986 746 4024 eras.
765 3974 826 4023 m.1
849 3985 937 4037 supra
963 3968 1028 4022 add.
1056 3970 1094 4036 et)
1114 3965 1151 4021 P¹
1190 3969 1224 4022 14
1242 3968 1276 4022 de

128 4059 184 4127 ipso
203 4059 332 4127 pretioR
417 4060 561 4128 probatum
580 4059 647 4111 mihi
665 4058 693 4112 R
763 4058 796 4111 18
815 4058 898 4110 militi
916 4057 978 4111 MR
1050 4073 1098 4126 por
1116 4055 1168 4110 fide
1190 4056 1273 4123 (siet)

129 4146 163 4200 M
184 4165 234 4216 per
257 4147 333 4200 fidem
353 4147 411 4201 Aa
517 4147 572 4201 illis
596 4145 723 4200 MFAP¹
743 4150 767 4211 (s
787 4147 858 4214 exp.)
876 4147 933 4200 Ita
1041 4143 1200 4198 seruandum
1219 4147 1276 4199 Aa

131 4236 163 4289 20
181 4237 393 4306 quoinquiuatur
406 4237 434 4290 P
451 4236 639 4306 coinquinatus
654 4236 811 4291 MFAP¹R
830 4236 1022 4305 coinquinatus
1037 4236 1073 4288 sit
1088 4235 1147 4288 edd.
1185 4235 1216 4286 21
1234 4235 1275 4287 iu-

131 4327 248 4395 rata3ut
271 4331 347 4394 (post
372 4341 389 4378 a
412 4341 471 4392 exp.
494 4329 567 4389 Μ)
591 4325 628 4378 P¹
737 4324 818 4378 militi
842 4325 903 4379 MR
993 4325 1028 4376 22
1053 4323 1107 4377 illis
1132 4321 1276 4377 PMFAR

132 4413 164 4466 23
183 4414 306 4483 inquinet
323 4415 353 4467 P
370 4414 528 4482 coinquinat
546 4415 607 4470 edd.
