3092 5217
306 772 464 838 dominus.
489 790 591 836 amen.

832 953 930 1019 XLII.

307 1097 462 1152 neumis
479 1094 748 1152 honoraremus
761 1095 802 1148 IN
817 1093 972 1151 CHRISTO
989 1093 1237 1152 SANCTISSIMIS
1252 1097 1442 1154 ruiramus

338 1185 498 1242 PAULINO
514 1185 558 1240 ΕΤ
573 1183 777 1238 THERASIAE
792 1181 1021 1238 AUGUSTINUS
1036 1183 1075 1237 IN
1090 1183 1236 1239 Domino
1251 1186 1421 1246 SALUTEM.
1467 1218 1476 1254 ⁵

353 1313 438 1377 Num
463 1312 559 1377 etiam
582 1311 643 1375 hoe
667 1310 786 1392 sperari
810 1313 865 1372 aut
884 1310 1041 1392 expectari
1059 1313 1180 1392 posset,
1199 1316 1236 1377 ut
1254 1332 1310 1395 per
1328 1313 1444 1378 fratrem

309 1420 464 1486 Seuerum
488 1418 640 1500 rescripta
661 1417 878 1500 flagitaremus
902 1422 966 1479 tam
992 1417 1045 1481 diu
1069 1420 1135 1481 tam
1159 1418 1341 1484 ardentibus
1365 1421 1444 1486 nobis

309 1527 465 1590 auestra
493 1524 623 1588 caritate
652 1542 713 1587 non
740 1521 884 1619 reddita?
913 1522 989 1604 quid
1023 1526 1081 1600 est,
1115 1523 1169 1606 qni
1204 1525 1283 1589 duas
1317 1530 1445 1592 aestates

310 1631 500 1713 easdemque
527 1630 560 1693 in
587 1629 694 1693 Africa
717 1628 805 1692 sitire
830 1635 1002 1712 cogamur?
1027 1630 1103 1712 qnid
1127 1631 1265 1715 amplius
1290 1633 1447 1697 dieam?o

309 1740 365 1821 qui
396 1757 447 1801 res
480 1739 603 1801 uestras
637 1735 753 1800 cotidie
787 1735 923 1813 donatis,
956 1735 1100 1801 debitum
1132 1737 1264 1804 reddite.
1298 1759 1335 1804 an
1364 1741 1445 1816 forte,
1462 1768 1480 1806 o

311 1845 393 1928 quod
427 1843 581 1908 aduersus
615 1842 848 1908 daemonicolas
880 1845 912 1906 te
945 1843 1081 1908 scribere
1114 1843 1273 1908 audieram
1303 1850 1395 1930 atque
1419 1847 1448 1910 id

310 1970 390 2033 opus
418 1951 624 2014 uehementer
651 1948 826 2013 desiderare
854 1968 905 2013 me
933 1949 1141 2029 ostenderam,
1169 1951 1281 2017 uolens
1310 1953 1447 2036 perficere

310 2076 347 2120 ao
375 2057 501 2121 mittere
528 2059 616 2120 tanto
645 2059 787 2138 tempore
811 2055 850 2118 ad
874 2075 930 2121 nos
955 2056 1109 2138 epistulas
1135 2057 1312 2124 distulisti?
1336 2061 1446 2124 utinam

311 2165 427 2227 saltem
450 2165 516 2226 tam
540 2163 645 2244 opima
667 2181 778 2226 mensa
800 2161 863 2224 iam
888 2181 1041 2226 annosum
1066 2163 1104 2227 ab
1130 2164 1204 2229 stilo
1229 2168 1284 2230 tuo
1303 2166 1448 2230 ieiunium

311 2289 416 2334 meum
454 2269 582 2332 tandem
620 2268 774 2351 accipias!
809 2287 889 2350 qnae
927 2268 955 2332 si
991 2268 1131 2334 nondum
1163 2277 1273 2354 parata
1305 2276 1365 2349 est,
1396 2292 1447 2336 non
1464 2299 1483 2337 a

314 2375 495 2440 desinemus
525 2375 684 2456 conqueri,
713 2375 741 2439 si
769 2393 838 2452 nos,
866 2375 942 2440 dum
969 2376 1050 2440 illud
1078 2377 1213 2459 perficis,
1242 2397 1302 2442 non
1330 2379 1449 2443 interim

312 2481 431 2559 reficis..

358 2587 502 2652 Salutate
533 2587 657 2664 fratres,
690 2588 824 2651 manime
856 2589 1033 2654 Romanum
1067 2592 1099 2653 et
1126 2589 1263 2672 Agilem.
1292 2590 1375 2668 hino,
1403 2591 1450 2672 qui

312 2694 478 2758 nobiscum
507 2696 591 2770 sunt,
619 2712 678 2758 uos
707 2694 849 2758 salutant
876 2699 907 2759 et
934 2715 1044 2778 parum
1073 2695 1239 2760 nobiscum
1271 2697 1450 2769 irascuntur,

313 2801 341 2864 si
365 2819 476 2883 panim
500 2799 647 2884 diligunt.
1466 2831 1485 2867 eo

351 3043 364 3095 l
386 3045 429 3096 est
446 3058 507 3107 om.‚
526 3046 592 3095 m.2
611 3042 676 3096 add.
695 3041 733 3095 P¹

583 3166 611 3219 P
638 3191 672 3212 =
691 3167 750 3221 eod.
769 3167 921 3221 Parisinus
939 3171 1025 3222 11641
1043 3184 1063 3222 s.
1089 3169 1137 3222 Π.

581 3256 612 3308 Ε
635 3279 669 3300 =
688 3255 747 3310 cod.
769 3255 1020 3310 Cleelteutamensae
1038 3261 1114 3310 2173
1131 3274 1152 3311 e.
1173 3259 1209 3312 X.

404 3374 484 3429 Haec
501 3376 621 3444 epistula
640 3393 673 3430 ec
690 3377 748 3434 cod.
767 3377 795 3430 P
807 3379 930 3446 pnicum
949 3379 1025 3432 edita
1043 3385 1083 3434 est
1101 3397 1120 3434 a
1137 3380 1292 3435 Maelinae.

351 3545 494 3612 deperata
514 3549 563 3598 aut
581 3550 736 3615 exspectare
754 3545 811 3600 PE
828 3547 929 3616 sperari
948 3550 996 3601 aut
1015 3550 1164 3618 exspectari
1183 3566 1210 3602 m
1304 3537 1402 3606 δῶν
1429 3549 1455 3602 Ε

352 3631 409 3700 qui]
431 3632 539 3700 qnodm
611 3638 724 3697 aetates,
744 3651 812 3688 corr.
834 3639 952 3689 aestates
972 3637 999 3690 P
1055 3638 1087 3691 12
1106 3637 1258 3693 desiderare
1278 3641 1333 3708 me]
1353 3637 1453 3692 deside-

315 3736 388 3773 rame
406 3721 437 3773 E
491 3722 523 3774 14
542 3721 654 3775 saletam
673 3723 745 3789 (fuit
763 3728 791 3787 u)
810 3724 838 3776 P
909 3727 1013 3794 optima
1030 3726 1088 3779 PE
1104 3728 1231 3796 opimam
1299 3729 1331 3782 15
1349 3725 1453 3780 tandem

313 3824 404 3866 om.m
476 3811 629 3880 excipiasm

306 475 351 539 84
663 468 690 522 S.
718 467 856 521 Aureli
884 466 1103 536 Augustini

305 667 455 731 nouimus
483 664 624 746 nihilque
651 662 822 745 petendum
852 665 911 740 est,
939 662 1001 726 nisi
1029 665 1065 726 ut
1091 665 1124 726 te
1153 681 1207 745 pro
1236 662 1292 727 illo
1322 662 1441 726 adiuuet

1521 3839 1522 3886 l

1521 4043 1522 4098 l

1521 4179 1522 4230 l
