3092 5217
248 497 313 561 590
608 495 636 549 S.
663 494 801 549 Aureli
828 495 1044 565 Augustini

248 690 346 770 sione,
371 692 521 776 quioquid
544 695 673 759 terroris
696 692 951 777 praeparabatur,
975 694 1100 757 auertat
1123 697 1155 759 ct
1179 695 1346 762 conuertat
1364 696 1395 760 iu

248 795 412 881 gaudium,
444 798 508 863 iam
535 800 627 864 nouit
652 800 733 882 ipse,
765 817 823 863 nos
853 802 961 863 autem
988 799 1181 882 ignoramus.
1218 803 1296 885 quid
1325 820 1395 886 crgo

247 904 299 967 hio
336 908 408 969 ante
444 909 571 987 tempus
607 906 691 970 inter
722 924 779 971 nos
813 922 870 989 ego
904 908 937 969 et
967 907 1161 987 praestantia
1193 910 1248 973 tua
1281 908 1398 972 frustra

246 1011 450 1076 laboremus?
480 1029 672 1093 seponamus
695 1012 863 1094 paululum
889 1031 1006 1091 curam,
1037 1015 1128 1079 ouius
1152 1015 1229 1079 hora
1252 1033 1315 1079 non
1340 1018 1398 1083 est.
1529 1080 1530 1107 ἦ

247 1120 280 1182 et
298 1117 382 1201 quod
401 1136 527 1200 semper
544 1118 653 1197 instat,
673 1118 702 1182 si
719 1118 835 1200 placet,
856 1138 999 1202 agamus.
1024 1122 1148 1185 nullum
1168 1122 1251 1185 enirn
1271 1122 1399 1202 tompus
1427 1142 1438 1181 a

248 1226 307 1302 est,
344 1243 406 1305 quo
440 1244 501 1288 non
534 1224 645 1289 deceat
676 1228 710 1289 et
742 1228 887 1308 oporteat
921 1245 1024 1309 agere,
1062 1226 1146 1291 unde
1179 1226 1236 1292 deo
1275 1227 1398 1309 placere
1529 1230 1530 1237 ’

247 1330 423 1415 possimus,
461 1330 547 1413 quod
582 1332 614 1395 in
654 1331 713 1396 hac
748 1332 817 1395 uita
853 1349 955 1413 usque
993 1332 1030 1396 ad
1065 1352 1133 1397 eam
1170 1333 1399 1415 perfectionem

246 1436 383 1518 impleri,
415 1440 452 1500 ut
483 1439 608 1501 nullum
636 1439 762 1504 omnino
796 1442 964 1520 peceatum
996 1438 1074 1504 insit
1105 1439 1137 1503 in
1170 1439 1310 1516 homine,
1345 1442 1399 1503 aut

246 1562 307 1607 non
330 1546 438 1626 potest
461 1547 517 1609 aut
539 1546 620 1610 forte
644 1544 870 1609 difficillimum
896 1548 954 1609 est.
980 1545 1051 1609 inde
1075 1545 1225 1629 praecisis
1251 1545 1399 1609 omnibus

249 1649 455 1715 dilationibus
475 1651 515 1715 ad
533 1652 621 1715 illius
646 1652 780 1735 gratiam
805 1651 1051 1736 confugiendum
1075 1655 1134 1731 est,
1156 1652 1208 1717 cui
1230 1652 1400 1717 uerissime
1419 1677 1441 1715 n
1529 1724 1530 1742 χ

249 1755 313 1821 dici
339 1761 457 1839 potest,
486 1757 570 1840 quod
600 1758 736 1822 carmine
765 1758 940 1823 adulatorio
970 1759 1077 1823 nescio
1106 1758 1159 1823 cui
1187 1758 1287 1825 nobili
1312 1758 1398 1831 dixit,

249 1864 304 1945 qui
335 1866 442 1929 tamen
477 1884 513 1929 er
542 1864 681 1929 Cumaeo
713 1867 877 1947 tamquam
911 1883 947 1927 er
979 1865 1163 1948 prophetico
1193 1865 1333 1930 carmine
1366 1884 1402 1929 se

249 1969 410 2052 accepisse
434 1968 598 2033 confessus
623 1973 686 2034 est:

355 2074 399 2139 'Po
423 2074 513 2154 duce,
537 2075 565 2139 si
589 2095 652 2158 qua
675 2080 803 2141 manent
827 2076 956 2141 sceleris
980 2076 1118 2160 uestigia
1140 2076 1251 2151 nostri,

356 2181 451 2246 inrita
473 2186 626 2265 perpetua
648 2184 776 2248 solucnt
798 2183 965 2247 formidine
988 2186 1098 2249 terras.

251 2289 311 2353 hoc
335 2287 419 2353 anim
442 2288 522 2353 duce
550 2290 666 2354 solutis
690 2290 837 2354 omnibus
862 2289 1066 2371 dimissisque
1093 2289 1233 2371 peccatis
1262 2288 1325 2353 hac
1348 2290 1400 2353 uia

255 2395 293 2459 ad
316 2396 486 2460 oaelcstem
513 2395 648 2477 patriam
675 2396 870 2478 pamenitur,
900 2396 991 2460 auius
1014 2396 1207 2460 habitatione
1231 2416 1307 2460 curn
1331 2416 1400 2460 eam

253 2501 311 2566 tibi
331 2501 506 2581 amandam,
526 2504 681 2584 quantum
698 2503 800 2585 potui,
820 2502 1083 2580 commendarem,
1108 2501 1279 2567 admodum
1299 2501 1402 2567 delec-

253 2611 341 2672 tatus
365 2627 409 2674 es.
1529 2668 1530 2675 ,

119 2713 165 2777 IV
189 2714 230 2778 12
299 2714 362 2780 Sed
389 2715 463 2796 quia
490 2715 609 2791 dixisti,
642 2715 729 2796 quod
756 2734 865 2779 omncs
895 2734 963 2780 eam
995 2715 1083 2799 leges
1112 2715 1247 2779 diuersis
1276 2714 1342 2779 uiis
1371 2718 1443 2780 etan
1529 2702 1530 2749 3

252 2821 434 2886 tramitibus
458 2824 619 2903 appetant,
641 2841 764 2900 ueroor,
789 2841 828 2886 ne
851 2822 941 2899 forto,
967 2840 1039 2887 oum
1062 2825 1156 2905 putas
1185 2822 1282 2886 etiam
1311 2822 1401 2885 illam
1529 2806 1530 2827 ¹

251 2928 349 3005 uiam,
366 2928 398 2991 in
419 2947 481 3009 qua
498 2947 580 2993 nunc
595 2929 790 2994 constitutus
810 2948 854 3007 es,
871 2948 906 2993 eo
923 2928 1059 3007 tendere,
1074 2928 1193 3012 pigrior
1212 2928 1257 2992 sis
1273 2928 1313 2991 ad
1331 2948 1399 2991 eam

251 3034 429 3111 tenendam,
453 3052 533 3116 quae
556 3034 634 3099 illuc
658 3036 726 3100 sola
748 3035 904 3117 perducit.
930 3035 985 3099 sed
1009 3054 1120 3099 rursus
1144 3034 1290 3111 uerbum,
1315 3033 1401 3115 quod

250 3140 398 3224 posuisti,
427 3141 597 3224 diligenter
624 3140 798 3207 adtendens
829 3141 940 3208 uideor
971 3142 1050 3205 mihi
1077 3143 1165 3205 tuam
1197 3160 1259 3205 non
1293 3140 1401 3223 inpru-
1529 3216 1530 3225 χ

251 3248 360 3313 denter
387 3249 507 3331 aperire
540 3248 741 3313 sententiam.
769 3268 872 3330 neque
901 3248 984 3313 enim
1013 3246 1130 3325 dixisti,
1163 3267 1260 3329 quam
1289 3266 1440 3314 omnesne

250 3357 338 3439 legas
367 3354 502 3420 diuersis
530 3355 593 3420 uiis
621 3359 654 3420 et
680 3354 863 3420 tramitibus
892 3354 1111 3437 adsequuntur
1143 3357 1199 3419 aut
1227 3354 1401 3419 ostendunt

251 3466 307 3525 aut
331 3461 499 3526 inueniunt
525 3464 581 3527 aut
606 3461 829 3545 ingrediuntur
856 3463 911 3525 aut
935 3462 1077 3525 obtinent
1105 3465 1160 3526 aut
1183 3460 1307 3543 aliquid
1331 3460 1399 3525 eius

250 3567 345 3644 modi,
375 3568 431 3632 sed
464 3568 595 3633 dicendo
627 3569 803 3651 ‘appetunt'
833 3568 948 3632 librato
981 3568 1078 3631 uerbo
1112 3569 1205 3649 atque
1244 3584 1398 3650 perpenso

249 3693 310 3739 non
339 3674 538 3756 adeptionem
572 3674 760 3759 significasti
794 3674 850 3739 sed
878 3674 1075 3757 adipiscendi
1103 3673 1323 3757 cupiditatem.
1355 3672 1399 3735 ita

249 3801 306 3846 nec
338 3780 437 3854 illam,
472 3800 552 3862 quae
585 3800 660 3845 uara
687 3786 746 3857 est,
781 3780 944 3845 exclusisti
976 3798 1033 3844 nec
1067 3780 1156 3857 alias,
1190 3798 1270 3861 quae
1299 3779 1437 3848 falsaeso
1529 3764 1530 3787 ³

249 3892 335 3966 sunt,
369 3887 542 3963 admisisti;
576 3890 609 3951 et
639 3888 695 3952 ilia
728 3887 845 3970 quippe
879 3886 1010 3970 appetit,
1039 3904 1120 3968 quae
1152 3885 1309 3968 perducit,
1342 3904 1397 3949 neo

248 3993 392 4077 perducit
420 3994 534 4065 omnis,
567 4012 646 4075 quaa
678 3994 738 4057 hoc
772 3993 902 4076 appetit.
937 4012 999 4074 quo
1029 3992 1174 4075 quisquis
1203 3991 1395 4075 perducitur,

249 4102 316 4166 sine
349 4100 415 4165 ulla
448 4099 646 4165 dubitatione
678 4100 792 4165 beatus
824 4102 887 4175 est;
924 4098 1010 4163 beati
1043 4100 1149 4162 autem
1183 4116 1294 4163 omnes
1328 4116 1394 4163 esse

339 4291 372 4342 14
390 4290 471 4359 Verg.
490 4290 557 4343 Buc.
577 4289 616 4343 IV
637 4291 741 4345 13-14
797 4288 900 4343 20-21
923 4286 957 4341 oi.
976 4304 1002 4357 p.
1023 4289 1084 4351 579,
1104 4288 1209 4342 20-21

282 4396 299 4447 9
319 4392 389 4447 unde
407 4411 434 4448 m
483 4396 518 4447 24
536 4393 709 4463 impudenter
732 4394 758 4446 V
775 4394 851 4463 (Μ
868 4391 1065 4461 imprudenter)
1090 4391 1137 4447 Ua
1183 4392 1217 4446 32
1237 4392 1301 4462 hoo]
1320 4390 1348 4445 id
1370 4390 1394 4443 U
