<?xml version="1.0" encoding="UTF-8"?>
<!DOCTYPE html PUBLIC "-//W3C//DTD XHTML 1.0 Transitional//EN"
    "http://www.w3.org/TR/xhtml1/DTD/xhtml1-transitional.dtd">
<html xmlns="http://www.w3.org/1999/xhtml" xml:lang="en" lang="en">
 <head>
  <title>
</title>
<meta http-equiv="Content-Type" content="text/html;charset=utf-8" />
  <meta name='ocr-system' content='tesseract 3.04.00' />
  <meta name='ocr-capabilities' content='ocr_page ocr_carea ocr_par ocr_line ocrx_word'/>
</head>
<body>
  <div class='ocr_page' id='page_1' title='image "./corpusscriptoru06wissgoog_0526.png"; bbox 0 0 3092 5217; ppageno 0'>
   <div class='ocr_carea' id='block_1_1' title="bbox 262 495 1064 564">
    <p class='ocr_par' dir='ltr' id='par_1_1' title="bbox 262 495 1064 564">
     <span class='ocr_line' id='line_1_1' title="bbox 262 495 1064 564; baseline -0.009 -8"><span class='ocrx_word' id='word_1_1' title='bbox 262 501 326 563; x_wconf 83' lang='lat'><strong>508</strong></span> <span class='ocrx_word' id='word_1_2' title='bbox 622 495 648 550; x_wconf 85' lang='lat' dir='ltr'><strong>S.</strong></span> <span class='ocrx_word' id='word_1_3' title='bbox 677 495 817 550; x_wconf 81' lang='lat' dir='ltr'><strong>Aureli</strong></span> <span class='ocrx_word' id='word_1_4' title='bbox 844 495 1064 564; x_wconf 74' lang='lat' dir='ltr'><strong>Augustini</strong></span> 
     </span>
    </p>
   </div>
   <div class='ocr_carea' id='block_1_2' title="bbox 217 689 1526 3652">
    <p class='ocr_par' dir='ltr' id='par_1_2' title="bbox 260 689 1526 1095">
     <span class='ocr_line' id='line_1_2' title="bbox 260 689 1526 774; baseline -0.001 -18"><span class='ocrx_word' id='word_1_5' title='bbox 260 711 322 756; x_wconf 90' lang='lat' dir='ltr'><strong>non</strong></span> <span class='ocrx_word' id='word_1_6' title='bbox 347 691 384 755; x_wconf 89' lang='lat' dir='ltr'><strong>ab</strong></span> <span class='ocrx_word' id='word_1_7' title='bbox 408 689 602 770; x_wconf 87' lang='lat' dir='ltr'><strong>hominibus,</strong></span> <span class='ocrx_word' id='word_1_8' title='bbox 630 710 731 774; x_wconf 85' lang='lat' dir='ltr'><strong>nequo</strong></span> <span class='ocrx_word' id='word_1_9' title='bbox 755 691 840 756; x_wconf 90' lang='lat' dir='ltr'><strong>enim</strong></span> <span class='ocrx_word' id='word_1_10' title='bbox 863 691 1033 774; x_wconf 86' lang='lat' dir='ltr'><strong>quisquam</strong></span> <span class='ocrx_word' id='word_1_11' title='bbox 1059 690 1226 757; x_wconf 91' lang='lat' dir='ltr'><strong>hominum</strong></span> <span class='ocrx_word' id='word_1_12' title='bbox 1254 690 1355 757; x_wconf 84' lang='lat' dir='ltr'><strong>sentit</strong></span> <span class='ocrx_word' id='word_1_13' title='bbox 1378 691 1410 755; x_wconf 91' lang='lat' dir='ltr'><strong>in</strong></span> <span class='ocrx_word' id='word_1_14' title='bbox 1525 702 1526 705; x_wconf 75' lang='grc'>’</span> 
     </span>
     <span class='ocr_line' id='line_1_3' title="bbox 262 796 1410 880; baseline 0.001 -20"><span class='ocrx_word' id='word_1_15' title='bbox 262 797 323 862; x_wconf 88' lang='lat' dir='ltr'><strong>alio</strong></span> <span class='ocrx_word' id='word_1_16' title='bbox 352 797 448 861; x_wconf 90' lang='lat' dir='ltr'><strong>talem</strong></span> <span class='ocrx_word' id='word_1_17' title='bbox 477 797 593 861; x_wconf 87' lang='lat' dir='ltr'><strong>mentis</strong></span> <span class='ocrx_word' id='word_1_18' title='bbox 622 797 827 880; x_wconf 79' lang='lat' dir='ltr'>agnitionem,</span> <span class='ocrx_word' id='word_1_19' title='bbox 861 797 918 862; x_wconf 83' lang='lat' dir='ltr'><strong>sod</strong></span> <span class='ocrx_word' id='word_1_20' title='bbox 945 796 977 861; x_wconf 91' lang='lat' dir='ltr'><strong>in</strong></span> <span class='ocrx_word' id='word_1_21' title='bbox 1005 797 1142 880; x_wconf 90' lang='lat' dir='ltr'><strong>quodam</strong></span> <span class='ocrx_word' id='word_1_22' title='bbox 1168 797 1257 861; x_wconf 86' lang='lat' dir='ltr'><strong>intuo</strong></span> <span class='ocrx_word' id='word_1_23' title='bbox 1286 797 1410 861; x_wconf 86' lang='lat' dir='ltr'><strong>silentio</strong></span> 
     </span>
     <span class='ocr_line' id='line_1_4' title="bbox 261 888 1526 988; baseline -0.002 -19"><span class='ocrx_word' id='word_1_24' title='bbox 261 903 366 970; x_wconf 84' lang='lat' dir='ltr'><strong>neseio</strong></span> <span class='ocrx_word' id='word_1_25' title='bbox 391 904 474 969; x_wconf 90' lang='lat' dir='ltr'><strong>unde</strong></span> <span class='ocrx_word' id='word_1_26' title='bbox 493 905 662 969; x_wconf 82' lang='lat' dir='ltr'><strong>clamatur:</strong></span> <span class='ocrx_word' id='word_1_27' title='bbox 687 903 798 988; x_wconf 71' lang='lat' dir='ltr'><strong>‘Euge</strong></span> <span class='ocrx_word' id='word_1_28' title='bbox 824 906 930 988; x_wconf 83' lang='lat' dir='ltr'><strong>euget&#39;</strong></span> <span class='ocrx_word' id='word_1_29' title='bbox 952 907 1082 986; x_wconf 82' lang='lat' dir='ltr'><strong>proptor</strong></span> <span class='ocrx_word' id='word_1_30' title='bbox 1103 903 1163 968; x_wconf 92' lang='lat' dir='ltr'><strong>hoo</strong></span> <span class='ocrx_word' id='word_1_31' title='bbox 1187 922 1290 988; x_wconf 85' lang='lat' dir='ltr'><strong>genus</strong></span> <span class='ocrx_word' id='word_1_32' title='bbox 1313 907 1412 988; x_wconf 68' lang='lat' dir='ltr'><strong>tamn</strong></span> <span class='ocrx_word' id='word_1_33' title='bbox 1525 888 1526 925; x_wconf 75' lang='lat'><em>³</em></span> 
     </span>
     <span class='ocr_line' id='line_1_5' title="bbox 260 1009 1412 1095; baseline -0.003 -18"><span class='ocrx_word' id='word_1_34' title='bbox 260 1011 391 1077; x_wconf 82' lang='lat' dir='ltr'><strong>tationis</strong></span> <span class='ocrx_word' id='word_1_35' title='bbox 411 1011 448 1076; x_wconf 87' lang='lat' dir='ltr'><strong>ab</strong></span> <span class='ocrx_word' id='word_1_36' title='bbox 474 1012 585 1095; x_wconf 85' lang='lat' dir='ltr'><strong>angelo</strong></span> <span class='ocrx_word' id='word_1_37' title='bbox 606 1011 838 1093; x_wconf 75' lang='lat' dir='ltr'>colaphizatum</span> <span class='ocrx_word' id='word_1_38' title='bbox 863 1029 898 1076; x_wconf 85' lang='lat' dir='ltr'><strong>ee</strong></span> <span class='ocrx_word' id='word_1_39' title='bbox 920 1014 1029 1075; x_wconf 84' lang='lat' dir='ltr'><strong>tantus</strong></span> <span class='ocrx_word' id='word_1_40' title='bbox 1048 1011 1213 1093; x_wconf 71' lang='lat' dir='ltr'><strong>apostolus</strong></span> <span class='ocrx_word' id='word_1_41' title='bbox 1233 1009 1412 1076; x_wconf 83' lang='lat' dir='ltr'><strong>confitetur.</strong></span> 
     </span>
    </p>

    <p class='ocr_par' dir='ltr' id='par_1_3' title="bbox 261 1117 1453 1414">
     <span class='ocr_line' id='line_1_6' title="bbox 261 1117 1453 1201; baseline -0.007 -17"><span class='ocrx_word' id='word_1_42' title='bbox 261 1138 334 1186; x_wconf 91' lang='lat' dir='ltr'><strong>eooe</strong></span> <span class='ocrx_word' id='word_1_43' title='bbox 366 1117 449 1182; x_wconf 89' lang='lat' dir='ltr'><strong>unde</strong></span> <span class='ocrx_word' id='word_1_44' title='bbox 487 1118 566 1183; x_wconf 87' lang='lat' dir='ltr'><strong>uita</strong></span> <span class='ocrx_word' id='word_1_45' title='bbox 601 1119 760 1182; x_wconf 87' lang='lat' dir='ltr'><strong>humana</strong></span> <span class='ocrx_word' id='word_1_46' title='bbox 794 1137 907 1200; x_wconf 83' lang='lat' dir='ltr'><strong>anper</strong></span> <span class='ocrx_word' id='word_1_47' title='bbox 937 1122 1076 1182; x_wconf 86' lang='lat' dir='ltr'><strong>terram</strong></span> <span class='ocrx_word' id='word_1_48' title='bbox 1107 1121 1176 1182; x_wconf 90' lang='lat' dir='ltr'><strong>tota</strong></span> <span class='ocrx_word' id='word_1_49' title='bbox 1205 1119 1411 1201; x_wconf 86' lang='lat' dir='ltr'><strong>temptatio</strong></span> <span class='ocrx_word' id='word_1_50' title='bbox 1441 1136 1453 1176; x_wconf 75' lang='lat' dir='ltr'><strong>a</strong></span> 
     </span>
     <span class='ocr_line' id='line_1_7' title="bbox 262 1223 1412 1308; baseline -0.001 -18"><span class='ocrx_word' id='word_1_51' title='bbox 262 1229 330 1304; x_wconf 87' lang='lat' dir='ltr'><strong>est,</strong></span> <span class='ocrx_word' id='word_1_52' title='bbox 365 1223 488 1308; x_wconf 90' lang='lat' dir='ltr'><strong>quando</strong></span> <span class='ocrx_word' id='word_1_53' title='bbox 526 1228 558 1290; x_wconf 91' lang='lat' dir='ltr'><strong>ot</strong></span> <span class='ocrx_word' id='word_1_54' title='bbox 584 1225 630 1289; x_wconf 92' lang='lat' dir='ltr'><strong>ibi</strong></span> <span class='ocrx_word' id='word_1_55' title='bbox 657 1225 752 1290; x_wconf 94' lang='lat' dir='ltr'><strong>homo</strong></span> <span class='ocrx_word' id='word_1_56' title='bbox 790 1227 974 1308; x_wconf 83' lang='lat' dir='ltr'><strong>temptatur,</strong></span> <span class='ocrx_word' id='word_1_57' title='bbox 1007 1224 1073 1304; x_wconf 89' lang='lat' dir='ltr'><strong>nbi,</strong></span> <span class='ocrx_word' id='word_1_58' title='bbox 1106 1227 1260 1306; x_wconf 88' lang='lat' dir='ltr'><strong>quantum</strong></span> <span class='ocrx_word' id='word_1_59' title='bbox 1294 1227 1412 1308; x_wconf 75' lang='lat' dir='ltr'><strong>potest,</strong></span> 
     </span>
     <span class='ocr_line' id='line_1_8' title="bbox 261 1329 944 1414; baseline -0.003 -18"><span class='ocrx_word' id='word_1_60' title='bbox 261 1329 348 1396; x_wconf 84' lang='lat' dir='ltr'><strong>uitae</strong></span> <span class='ocrx_word' id='word_1_61' title='bbox 371 1331 518 1396; x_wconf 81' lang='lat' dir='ltr'><strong>eoelestia</strong></span> <span class='ocrx_word' id='word_1_62' title='bbox 543 1329 745 1396; x_wconf 78' lang='lat' dir='ltr'><strong>similitudini</strong></span> <span class='ocrx_word' id='word_1_63' title='bbox 769 1333 944 1414; x_wconf 84' lang='lat' dir='ltr'><strong>coaptatur.</strong></span> 
     </span>
    </p>

    <p class='ocr_par' dir='ltr' id='par_1_4' title="bbox 217 1435 1526 3652">
     <span class='ocr_line' id='line_1_9' title="bbox 217 1435 1526 1525; baseline 0.002 -25"><span class='ocrx_word' id='word_1_64' title='bbox 217 1436 237 1500; x_wconf 89' lang='grc'>3</span> <span class='ocrx_word' id='word_1_65' title='bbox 308 1435 391 1517; x_wconf 82' lang='lat' dir='ltr'><strong>Quid</strong></span> <span class='ocrx_word' id='word_1_66' title='bbox 429 1439 532 1503; x_wconf 88' lang='lat' dir='ltr'><strong>dioem</strong></span> <span class='ocrx_word' id='word_1_67' title='bbox 570 1438 607 1502; x_wconf 89' lang='lat' dir='ltr'><strong>do</strong></span> <span class='ocrx_word' id='word_1_68' title='bbox 647 1437 834 1503; x_wconf 82' lang='lat' dir='ltr'><strong>uindicando</strong></span> <span class='ocrx_word' id='word_1_69' title='bbox 871 1439 924 1502; x_wconf 87' lang='lat' dir='ltr'><strong>uel</strong></span> <span class='ocrx_word' id='word_1_70' title='bbox 960 1456 1021 1502; x_wconf 89' lang='lat' dir='ltr'><strong>non</strong></span> <span class='ocrx_word' id='word_1_71' title='bbox 1055 1436 1253 1515; x_wconf 87' lang='lat' dir='ltr'><strong>uindicando,</strong></span> <span class='ocrx_word' id='word_1_72' title='bbox 1288 1437 1412 1520; x_wconf 89' lang='lat' dir='ltr'><strong>quando</strong></span> <span class='ocrx_word' id='word_1_73' title='bbox 1525 1520 1526 1525; x_wconf 5' lang='grc' dir='ltr'>ἵ</span> 
     </span>
     <span class='ocr_line' id='line_1_10' title="bbox 262 1544 1526 1629; baseline -0.002 -17"><span class='ocrx_word' id='word_1_74' title='bbox 262 1547 390 1629; x_wconf 92' lang='lat' dir='ltr'><strong>quidem</strong></span> <span class='ocrx_word' id='word_1_75' title='bbox 418 1547 477 1611; x_wconf 89' lang='lat' dir='ltr'><strong>hoo</strong></span> <span class='ocrx_word' id='word_1_76' title='bbox 504 1548 608 1611; x_wconf 88' lang='lat' dir='ltr'><strong>totum</strong></span> <span class='ocrx_word' id='word_1_77' title='bbox 636 1545 675 1610; x_wconf 88' lang='lat' dir='ltr'><strong>ad</strong></span> <span class='ocrx_word' id='word_1_78' title='bbox 703 1564 812 1610; x_wconf 88' lang='lat' dir='ltr'><strong>eorum</strong></span> <span class='ocrx_word' id='word_1_79' title='bbox 842 1544 978 1610; x_wconf 87' lang='lat' dir='ltr'><strong>salutem</strong></span> <span class='ocrx_word' id='word_1_80' title='bbox 1006 1545 1157 1628; x_wconf 79' lang='lat' dir='ltr'><strong>proficere</strong></span> <span class='ocrx_word' id='word_1_81' title='bbox 1184 1547 1349 1624; x_wconf 79' lang='lat' dir='ltr'><strong>uolumus,</strong></span> <span class='ocrx_word' id='word_1_82' title='bbox 1380 1546 1412 1610; x_wconf 90' lang='lat' dir='ltr'><strong>iu</strong></span> <span class='ocrx_word' id='word_1_83' title='bbox 1525 1564 1526 1577; x_wconf 57' lang='lat'><strong>³</strong></span> 
     </span>
     <span class='ocr_line' id='line_1_11' title="bbox 262 1650 1453 1738; baseline -0.01 -18"><span class='ocrx_word' id='word_1_84' title='bbox 262 1673 341 1738; x_wconf 87' lang='lat' dir='ltr'><strong>quos</strong></span> <span class='ocrx_word' id='word_1_85' title='bbox 378 1653 602 1719; x_wconf 79' lang='lat' dir='ltr'><strong>uindicandum</strong></span> <span class='ocrx_word' id='word_1_86' title='bbox 638 1653 692 1716; x_wconf 88' lang='lat' dir='ltr'><strong>uel</strong></span> <span class='ocrx_word' id='word_1_87' title='bbox 729 1671 791 1717; x_wconf 91' lang='lat' dir='ltr'><strong>non</strong></span> <span class='ocrx_word' id='word_1_88' title='bbox 827 1650 1053 1717; x_wconf 79' lang='lat' dir='ltr'><strong>uindicandum</strong></span> <span class='ocrx_word' id='word_1_89' title='bbox 1092 1671 1163 1716; x_wconf 85' lang='lat' dir='ltr'><strong>ease</strong></span> <span class='ocrx_word' id='word_1_90' title='bbox 1199 1651 1412 1716; x_wconf 78' lang='lat' dir='ltr'><strong>arbitramur?</strong></span> <span class='ocrx_word' id='word_1_91' title='bbox 1429 1671 1453 1709; x_wconf 76' lang='grc' dir='ltr'><strong>ιο</strong></span> 
     </span>
     <span class='ocr_line' id='line_1_12' title="bbox 262 1756 1526 1847; baseline -0.002 -23"><span class='ocrx_word' id='word_1_92' title='bbox 262 1760 333 1844; x_wconf 84' lang='lat' dir='ltr'><strong>quis</strong></span> <span class='ocrx_word' id='word_1_93' title='bbox 357 1759 451 1824; x_wconf 87' lang='lat' dir='ltr'><strong>otiam</strong></span> <span class='ocrx_word' id='word_1_94' title='bbox 477 1759 520 1824; x_wconf 84' lang='lat' dir='ltr'><strong>sit</strong></span> <span class='ocrx_word' id='word_1_95' title='bbox 543 1756 722 1822; x_wconf 85' lang='lat' dir='ltr'><strong>uindicandi</strong></span> <span class='ocrx_word' id='word_1_96' title='bbox 746 1757 861 1822; x_wconf 85' lang='lat' dir='ltr'><strong>modus</strong></span> <span class='ocrx_word' id='word_1_97' title='bbox 884 1776 945 1822; x_wconf 88' lang='lat' dir='ltr'><strong>non</strong></span> <span class='ocrx_word' id='word_1_98' title='bbox 969 1758 1075 1822; x_wconf 83' lang='lat' dir='ltr'><strong>solum</strong></span> <span class='ocrx_word' id='word_1_99' title='bbox 1101 1776 1158 1840; x_wconf 85' lang='lat' dir='ltr'><strong>pro</strong></span> <span class='ocrx_word' id='word_1_100' title='bbox 1182 1757 1338 1838; x_wconf 77' lang='lat' dir='ltr'><strong>qualitate</strong></span> <span class='ocrx_word' id='word_1_101' title='bbox 1360 1758 1413 1822; x_wconf 91' lang='lat' dir='ltr'><strong>uel</strong></span> <span class='ocrx_word' id='word_1_102' title='bbox 1525 1822 1526 1847; x_wconf 36' lang='lat'>3</span> 
     </span>
     <span class='ocr_line' id='line_1_13' title="bbox 261 1864 1411 1950; baseline -0.003 -19"><span class='ocrx_word' id='word_1_103' title='bbox 261 1866 438 1950; x_wconf 86' lang='lat' dir='ltr'><strong>quantitate</strong></span> <span class='ocrx_word' id='word_1_104' title='bbox 475 1865 642 1946; x_wconf 87' lang='lat' dir='ltr'><strong>culparum</strong></span> <span class='ocrx_word' id='word_1_105' title='bbox 676 1883 788 1928; x_wconf 84' lang='lat' dir='ltr'><strong>uerum</strong></span> <span class='ocrx_word' id='word_1_106' title='bbox 826 1865 922 1928; x_wconf 88' lang='lat' dir='ltr'><strong>etiam</strong></span> <span class='ocrx_word' id='word_1_107' title='bbox 962 1882 1019 1947; x_wconf 87' lang='lat' dir='ltr'><strong>pro</strong></span> <span class='ocrx_word' id='word_1_108' title='bbox 1058 1864 1249 1947; x_wconf 87' lang='lat' dir='ltr'><strong>quibusdam</strong></span> <span class='ocrx_word' id='word_1_109' title='bbox 1287 1864 1411 1929; x_wconf 88' lang='lat' dir='ltr'><strong>uiribus</strong></span> 
     </span>
     <span class='ocr_line' id='line_1_14' title="bbox 260 1969 1412 2055; baseline -0.003 -16"><span class='ocrx_word' id='word_1_110' title='bbox 260 1973 447 2048; x_wconf 90' lang='lat' dir='ltr'><strong>animorum,</strong></span> <span class='ocrx_word' id='word_1_111' title='bbox 472 1971 548 2055; x_wconf 91' lang='lat' dir='ltr'><strong>quid</strong></span> <span class='ocrx_word' id='word_1_112' title='bbox 572 1971 706 2054; x_wconf 83' lang='lat' dir='ltr'><strong>quiaque</strong></span> <span class='ocrx_word' id='word_1_113' title='bbox 730 1971 870 2047; x_wconf 81' lang='lat' dir='ltr'><strong>aufferat,</strong></span> <span class='ocrx_word' id='word_1_114' title='bbox 899 1969 975 2053; x_wconf 90' lang='lat' dir='ltr'><strong>quid</strong></span> <span class='ocrx_word' id='word_1_115' title='bbox 996 1974 1133 2047; x_wconf 83' lang='lat' dir='ltr'><strong>recuset,</strong></span> <span class='ocrx_word' id='word_1_116' title='bbox 1157 1989 1197 2035; x_wconf 88' lang='lat' dir='ltr'><strong>ue</strong></span> <span class='ocrx_word' id='word_1_117' title='bbox 1219 1990 1281 2035; x_wconf 92' lang='lat' dir='ltr'><strong>non</strong></span> <span class='ocrx_word' id='word_1_118' title='bbox 1306 1972 1412 2036; x_wconf 81' lang='lat' dir='ltr'><strong>solum</strong></span> 
     </span>
     <span class='ocr_line' id='line_1_15' title="bbox 259 2064 1526 2164; baseline -0.003 -18"><span class='ocrx_word' id='word_1_119' title='bbox 259 2099 319 2146; x_wconf 90' lang='lat' dir='ltr'><strong>non</strong></span> <span class='ocrx_word' id='word_1_120' title='bbox 338 2079 483 2164; x_wconf 87' lang='lat' dir='ltr'><strong>proiioiat</strong></span> <span class='ocrx_word' id='word_1_121' title='bbox 501 2077 666 2142; x_wconf 85' lang='lat' dir='ltr'><strong>sedetiam</strong></span> <span class='ocrx_word' id='word_1_122' title='bbox 683 2075 819 2155; x_wconf 85' lang='lat' dir='ltr'><strong>deliniat,</strong></span> <span class='ocrx_word' id='word_1_123' title='bbox 839 2097 934 2160; x_wconf 90' lang='lat' dir='ltr'><strong>quam</strong></span> <span class='ocrx_word' id='word_1_124' title='bbox 953 2077 1145 2161; x_wconf 86' lang='lat' dir='ltr'><strong>profundum</strong></span> <span class='ocrx_word' id='word_1_125' title='bbox 1164 2081 1196 2143; x_wconf 86' lang='lat' dir='ltr'><strong>ot</strong></span> <span class='ocrx_word' id='word_1_126' title='bbox 1211 2077 1411 2144; x_wconf 82' lang='lat' dir='ltr'><strong>latebrosum</strong></span> <span class='ocrx_word' id='word_1_127' title='bbox 1525 2064 1526 2071; x_wconf 7' lang='grc' dir='ltr'>ἵ</span> 
     </span>
     <span class='ocr_line' id='line_1_16' title="bbox 260 2184 1449 2270; baseline -0.008 -18"><span class='ocrx_word' id='word_1_128' title='bbox 260 2190 322 2253; x_wconf 82' lang='lat' dir='ltr'><strong>oet!</strong></span> <span class='ocrx_word' id='word_1_129' title='bbox 364 2185 587 2270; x_wconf 80' lang='lat' dir='ltr'><strong>inpendentem</strong></span> <span class='ocrx_word' id='word_1_130' title='bbox 629 2203 754 2267; x_wconf 90' lang='lat' dir='ltr'><strong>quoque</strong></span> <span class='ocrx_word' id='word_1_131' title='bbox 796 2184 972 2248; x_wconf 88' lang='lat' dir='ltr'><strong>uindiotem</strong></span> <span class='ocrx_word' id='word_1_132' title='bbox 1013 2187 1203 2262; x_wconf 71' lang='lat' dir='ltr'><strong>metuenteS,</strong></span> <span class='ocrx_word' id='word_1_133' title='bbox 1245 2203 1329 2266; x_wconf 86' lang='lat' dir='ltr'><strong>quae</strong></span> <span class='ocrx_word' id='word_1_134' title='bbox 1371 2184 1408 2248; x_wconf 87' lang='lat' dir='ltr'><strong>ab</strong></span> <span class='ocrx_word' id='word_1_135' title='bbox 1427 2202 1449 2242; x_wconf 85' lang='lat' dir='ltr'><strong>e</strong></span> 
     </span>
     <span class='ocr_line' id='line_1_17' title="bbox 258 2291 1411 2373; baseline -0.003 -16"><span class='ocrx_word' id='word_1_136' title='bbox 258 2293 442 2358; x_wconf 88' lang='lat' dir='ltr'><strong>hominibus</strong></span> <span class='ocrx_word' id='word_1_137' title='bbox 465 2293 630 2371; x_wconf 88' lang='lat' dir='ltr'><strong>metuitur,</strong></span> <span class='ocrx_word' id='word_1_138' title='bbox 653 2291 761 2356; x_wconf 83' lang='lat' dir='ltr'><strong>nescio</strong></span> <span class='ocrx_word' id='word_1_139' title='bbox 785 2294 894 2356; x_wconf 88' lang='lat' dir='ltr'><strong>utrum</strong></span> <span class='ocrx_word' id='word_1_140' title='bbox 916 2291 1024 2373; x_wconf 79' lang='lat' dir='ltr'><strong>plures</strong></span> <span class='ocrx_word' id='word_1_141' title='bbox 1049 2291 1183 2355; x_wconf 86' lang='lat' dir='ltr'><strong>oomeeti</strong></span> <span class='ocrx_word' id='word_1_142' title='bbox 1207 2294 1294 2369; x_wconf 84' lang='lat' dir='ltr'><strong>sunt,</strong></span> <span class='ocrx_word' id='word_1_143' title='bbox 1315 2310 1411 2373; x_wconf 86' lang='lat' dir='ltr'><strong>qnam</strong></span> 
     </span>
     <span class='ocr_line' id='line_1_18' title="bbox 258 2397 1410 2482; baseline -0.003 -18"><span class='ocrx_word' id='word_1_144' title='bbox 258 2400 290 2464; x_wconf 91' lang='lat' dir='ltr'><strong>in</strong></span> <span class='ocrx_word' id='word_1_145' title='bbox 311 2399 449 2464; x_wconf 87' lang='lat' dir='ltr'><strong>deterius</strong></span> <span class='ocrx_word' id='word_1_146' title='bbox 474 2399 629 2464; x_wconf 89' lang='lat' dir='ltr'><strong>abierunt.</strong></span> <span class='ocrx_word' id='word_1_147' title='bbox 653 2398 739 2482; x_wconf 89' lang='lat' dir='ltr'><strong>quid,</strong></span> <span class='ocrx_word' id='word_1_148' title='bbox 765 2417 838 2463; x_wconf 89' lang='lat' dir='ltr'><strong>oum</strong></span> <span class='ocrx_word' id='word_1_149' title='bbox 861 2416 955 2481; x_wconf 85' lang='lat' dir='ltr'><strong>saepe</strong></span> <span class='ocrx_word' id='word_1_150' title='bbox 974 2397 1101 2475; x_wconf 87' lang='lat' dir='ltr'><strong>aooidit,</strong></span> <span class='ocrx_word' id='word_1_151' title='bbox 1125 2402 1172 2474; x_wconf 85' lang='lat' dir='ltr'><strong>nt,</strong></span> <span class='ocrx_word' id='word_1_152' title='bbox 1196 2398 1224 2463; x_wconf 86' lang='lat' dir='ltr'><strong>si</strong></span> <span class='ocrx_word' id='word_1_153' title='bbox 1247 2398 1280 2462; x_wconf 90' lang='lat' dir='ltr'><strong>iu</strong></span> <span class='ocrx_word' id='word_1_154' title='bbox 1301 2417 1410 2481; x_wconf 93' lang='lat' dir='ltr'><strong>quem-</strong></span> 
     </span>
     <span class='ocr_line' id='line_1_19' title="bbox 260 2503 1411 2591; baseline -0.004 -19"><span class='ocrx_word' id='word_1_155' title='bbox 260 2527 354 2591; x_wconf 87' lang='lat' dir='ltr'><strong>quam</strong></span> <span class='ocrx_word' id='word_1_156' title='bbox 381 2506 606 2581; x_wconf 87' lang='lat' dir='ltr'><strong>uindicaueris,</strong></span> <span class='ocrx_word' id='word_1_157' title='bbox 638 2505 707 2588; x_wconf 85' lang='lat' dir='ltr'><strong>ipse</strong></span> <span class='ocrx_word' id='word_1_158' title='bbox 736 2507 853 2587; x_wconf 87' lang='lat' dir='ltr'><strong>pereat,</strong></span> <span class='ocrx_word' id='word_1_159' title='bbox 887 2504 916 2568; x_wconf 85' lang='lat' dir='ltr'><strong>ei</strong></span> <span class='ocrx_word' id='word_1_160' title='bbox 948 2503 1086 2569; x_wconf 87' lang='lat' dir='ltr'><strong>inultum</strong></span> <span class='ocrx_word' id='word_1_161' title='bbox 1117 2505 1298 2588; x_wconf 83' lang='lat' dir='ltr'><strong>reliqueris,</strong></span> <span class='ocrx_word' id='word_1_162' title='bbox 1332 2505 1411 2570; x_wconf 84' lang='lat' dir='ltr'><strong>alter</strong></span> 
     </span>
     <span class='ocr_line' id='line_1_20' title="bbox 259 2609 1409 2698; baseline -0.002 -20"><span class='ocrx_word' id='word_1_163' title='bbox 259 2615 387 2698; x_wconf 79' lang='lat' dir='ltr'><strong>pereat?</strong></span> <span class='ocrx_word' id='word_1_164' title='bbox 420 2631 479 2696; x_wconf 88' lang='lat' dir='ltr'><strong>ego</strong></span> <span class='ocrx_word' id='word_1_165' title='bbox 513 2612 545 2675; x_wconf 90' lang='lat' dir='ltr'><strong>iu</strong></span> <span class='ocrx_word' id='word_1_166' title='bbox 578 2611 628 2675; x_wconf 84' lang='lat' dir='ltr'><strong>hio</strong></span> <span class='ocrx_word' id='word_1_167' title='bbox 661 2610 779 2675; x_wconf 86' lang='lat' dir='ltr'><strong>cotidie</strong></span> <span class='ocrx_word' id='word_1_168' title='bbox 810 2629 940 2692; x_wconf 86' lang='lat' dir='ltr'><strong>peecare</strong></span> <span class='ocrx_word' id='word_1_169' title='bbox 973 2629 1024 2674; x_wconf 91' lang='lat' dir='ltr'><strong>me</strong></span> <span class='ocrx_word' id='word_1_170' title='bbox 1056 2611 1159 2676; x_wconf 84' lang='lat' dir='ltr'><strong>fateor</strong></span> <span class='ocrx_word' id='word_1_171' title='bbox 1190 2614 1222 2676; x_wconf 90' lang='lat' dir='ltr'><strong>et</strong></span> <span class='ocrx_word' id='word_1_172' title='bbox 1253 2609 1409 2696; x_wconf 82' lang='lat' dir='ltr'><strong>ignorare,</strong></span> 
     </span>
     <span class='ocr_line' id='line_1_21' title="bbox 260 2717 1449 2803; baseline -0.002 -19"><span class='ocrx_word' id='word_1_173' title='bbox 260 2719 384 2803; x_wconf 90' lang='lat' dir='ltr'><strong>quando</strong></span> <span class='ocrx_word' id='word_1_174' title='bbox 410 2738 513 2802; x_wconf 86' lang='lat' dir='ltr'><strong>quoue</strong></span> <span class='ocrx_word' id='word_1_175' title='bbox 541 2717 634 2783; x_wconf 94' lang='lat' dir='ltr'><strong>modo</strong></span> <span class='ocrx_word' id='word_1_176' title='bbox 659 2717 838 2782; x_wconf 84' lang='lat' dir='ltr'><strong>custodiam</strong></span> <span class='ocrx_word' id='word_1_177' title='bbox 864 2717 908 2795; x_wconf 93' lang='lat' dir='ltr'><strong>id,</strong></span> <span class='ocrx_word' id='word_1_178' title='bbox 938 2717 1022 2801; x_wconf 89' lang='lat' dir='ltr'><strong>quod</strong></span> <span class='ocrx_word' id='word_1_179' title='bbox 1050 2717 1204 2801; x_wconf 84' lang='lat' dir='ltr'><strong>soiiptum</strong></span> <span class='ocrx_word' id='word_1_180' title='bbox 1233 2723 1296 2783; x_wconf 86' lang='lat' dir='ltr'><strong>ost:</strong></span> <span class='ocrx_word' id='word_1_181' title='bbox 1320 2719 1409 2782; x_wconf 93' lang='lat' dir='ltr'><strong>Peo-</strong></span> <span class='ocrx_word' id='word_1_182' title='bbox 1425 2743 1449 2782; x_wconf 73' lang='lat' dir='ltr'><strong>no</strong></span> 
     </span>
     <span class='ocr_line' id='line_1_22' title="bbox 260 2824 1408 2908; baseline -0.003 -16"><span class='ocrx_word' id='word_1_183' title='bbox 260 2831 401 2892; x_wconf 83' lang='lat' dir='ltr'><strong>cantes</strong></span> <span class='ocrx_word' id='word_1_184' title='bbox 435 2844 566 2891; x_wconf 86' lang='lat' dir='ltr'><strong>eoram</strong></span> <span class='ocrx_word' id='word_1_185' title='bbox 595 2825 783 2890; x_wconf 79' lang='lat' dir='ltr'><strong>omnibus</strong></span> <span class='ocrx_word' id='word_1_186' title='bbox 816 2843 948 2908; x_wconf 86' lang='lat' dir='ltr'><strong>argue,</strong></span> <span class='ocrx_word' id='word_1_187' title='bbox 981 2826 1026 2887; x_wconf 87' lang='lat' dir='ltr'><strong>ut</strong></span> <span class='ocrx_word' id='word_1_188' title='bbox 1057 2824 1187 2889; x_wconf 85' lang='lat' dir='ltr'><strong>ooteri</strong></span> <span class='ocrx_word' id='word_1_189' title='bbox 1220 2825 1408 2890; x_wconf 89' lang='lat' dir='ltr'><strong>timorem</strong></span> 
     </span>
     <span class='ocr_line' id='line_1_23' title="bbox 258 2927 1526 3014; baseline -0.001 -17"><span class='ocrx_word' id='word_1_190' title='bbox 258 2933 441 3014; x_wconf 84' lang='lat' dir='ltr'><strong>habeant,</strong></span> <span class='ocrx_word' id='word_1_191' title='bbox 475 2935 507 2996; x_wconf 87' lang='lat' dir='ltr'><strong>et</strong></span> <span class='ocrx_word' id='word_1_192' title='bbox 535 2929 620 3012; x_wconf 92' lang='lat' dir='ltr'><strong>quod</strong></span> <span class='ocrx_word' id='word_1_193' title='bbox 648 2930 801 3011; x_wconf 81' lang='lat' dir='ltr'><strong>seriptum</strong></span> <span class='ocrx_word' id='word_1_194' title='bbox 830 2931 893 2993; x_wconf 83' lang='lat' dir='ltr'><strong>est:</strong></span> <span class='ocrx_word' id='word_1_195' title='bbox 924 2927 1089 3011; x_wconf 80' lang='lat' dir='ltr'><strong>Corripe</strong></span> <span class='ocrx_word' id='word_1_196' title='bbox 1118 2950 1204 2994; x_wconf 87' lang='lat' dir='ltr'><strong>eum</strong></span> <span class='ocrx_word' id='word_1_197' title='bbox 1231 2931 1343 2996; x_wconf 89' lang='lat' dir='ltr'><strong>iuter</strong></span> <span class='ocrx_word' id='word_1_198' title='bbox 1370 2935 1408 2996; x_wconf 85' lang='lat' dir='ltr'><strong>to</strong></span> <span class='ocrx_word' id='word_1_199' title='bbox 1525 2964 1526 2969; x_wconf 14' lang='grc' dir='ltr'><strong>κ</strong></span> 
     </span>
     <span class='ocr_line' id='line_1_24' title="bbox 258 3033 1408 3120; baseline -0.002 -17"><span class='ocrx_word' id='word_1_200' title='bbox 258 3041 297 3104; x_wconf 91' lang='lat' dir='ltr'><strong>et</strong></span> <span class='ocrx_word' id='word_1_201' title='bbox 328 3039 461 3120; x_wconf 80' lang='lat' dir='ltr'><strong>ipsum</strong></span> <span class='ocrx_word' id='word_1_202' title='bbox 494 3037 634 3114; x_wconf 87' lang='lat' dir='ltr'><strong>solum,</strong></span> <span class='ocrx_word' id='word_1_203' title='bbox 672 3039 705 3100; x_wconf 88' lang='lat' dir='ltr'><strong>et</strong></span> <span class='ocrx_word' id='word_1_204' title='bbox 737 3033 822 3117; x_wconf 92' lang='lat' dir='ltr'><strong>quod</strong></span> <span class='ocrx_word' id='word_1_205' title='bbox 854 3035 1010 3120; x_wconf 84' lang='lat' dir='ltr'><strong>seriptum</strong></span> <span class='ocrx_word' id='word_1_206' title='bbox 1042 3039 1107 3100; x_wconf 85' lang='lat' dir='ltr'><strong>est:</strong></span> <span class='ocrx_word' id='word_1_207' title='bbox 1140 3035 1280 3101; x_wconf 87' lang='lat' dir='ltr'><strong>Nolite</strong></span> <span class='ocrx_word' id='word_1_208' title='bbox 1315 3041 1408 3102; x_wconf 90' lang='lat' dir='ltr'><strong>ante</strong></span> 
     </span>
     <span class='ocr_line' id='line_1_25' title="bbox 257 3140 1406 3226; baseline 0 -17"><span class='ocrx_word' id='word_1_209' title='bbox 257 3149 416 3226; x_wconf 85' lang='lat' dir='ltr'><strong>tempus</strong></span> <span class='ocrx_word' id='word_1_210' title='bbox 455 3161 690 3226; x_wconf 86' lang='lat' dir='ltr'><strong>quemquam</strong></span> <span class='ocrx_word' id='word_1_211' title='bbox 728 3141 924 3220; x_wconf 78' lang='lat' dir='ltr'><strong>iudicare,</strong></span> <span class='ocrx_word' id='word_1_212' title='bbox 962 3145 995 3206; x_wconf 87' lang='lat' dir='ltr'><strong>ot</strong></span> <span class='ocrx_word' id='word_1_213' title='bbox 1027 3140 1112 3224; x_wconf 92' lang='lat' dir='ltr'><strong>quod</strong></span> <span class='ocrx_word' id='word_1_214' title='bbox 1148 3143 1304 3225; x_wconf 83' lang='lat' dir='ltr'><strong>scriptum</strong></span> <span class='ocrx_word' id='word_1_215' title='bbox 1342 3147 1406 3210; x_wconf 82' lang='lat' dir='ltr'><strong>oet:</strong></span> 
     </span>
     <span class='ocr_line' id='line_1_26' title="bbox 258 3248 1447 3332; baseline 0.001 -15"><span class='ocrx_word' id='word_1_216' title='bbox 258 3250 396 3317; x_wconf 89' lang='lat' dir='ltr'><strong>Nolite</strong></span> <span class='ocrx_word' id='word_1_217' title='bbox 425 3249 621 3322; x_wconf 77' lang='lat' dir='ltr'><strong>iudicare,</strong></span> <span class='ocrx_word' id='word_1_218' title='bbox 651 3251 695 3313; x_wconf 89' lang='lat' dir='ltr'><strong>ut</strong></span> <span class='ocrx_word' id='word_1_219' title='bbox 722 3268 796 3313; x_wconf 91' lang='lat' dir='ltr'><strong>non</strong></span> <span class='ocrx_word' id='word_1_220' title='bbox 824 3248 1077 3327; x_wconf 81' lang='lat' dir='ltr'><strong>indicemini,</strong></span> <span class='ocrx_word' id='word_1_221' title='bbox 1110 3268 1213 3332; x_wconf 88' lang='lat' dir='ltr'><strong>neque</strong></span> <span class='ocrx_word' id='word_1_222' title='bbox 1241 3251 1325 3314; x_wconf 87' lang='lat' dir='ltr'><strong>onim</strong></span> <span class='ocrx_word' id='word_1_223' title='bbox 1355 3252 1447 3320; x_wconf 72' lang='lat' dir='ltr'><strong>hine</strong></span> 
     </span>
     <span class='ocr_line' id='line_1_27' title="bbox 256 3354 1405 3440; baseline -0.001 -18"><span class='ocrx_word' id='word_1_224' title='bbox 256 3357 378 3422; x_wconf 85' lang='lat' dir='ltr'><strong>addidit</strong></span> <span class='ocrx_word' id='word_1_225' title='bbox 406 3361 508 3421; x_wconf 84' lang='lat' dir='ltr'><strong>‘ante</strong></span> <span class='ocrx_word' id='word_1_226' title='bbox 532 3357 713 3437; x_wconf 86' lang='lat' dir='ltr'><strong>tempua‘‚</strong></span> <span class='ocrx_word' id='word_1_227' title='bbox 743 3358 776 3420; x_wconf 88' lang='lat' dir='ltr'><strong>ot</strong></span> <span class='ocrx_word' id='word_1_228' title='bbox 799 3354 882 3439; x_wconf 87' lang='lat' dir='ltr'><strong>quod</strong></span> <span class='ocrx_word' id='word_1_229' title='bbox 912 3356 1155 3438; x_wconf 82' lang='lat' dir='ltr'><strong>scriptumest:</strong></span> <span class='ocrx_word' id='word_1_230' title='bbox 1182 3357 1238 3421; x_wconf 83' lang='lat' dir='ltr'><strong>Tu</strong></span> <span class='ocrx_word' id='word_1_231' title='bbox 1261 3357 1331 3440; x_wconf 87' lang='lat' dir='ltr'><strong>qui</strong></span> <span class='ocrx_word' id='word_1_232' title='bbox 1355 3376 1405 3429; x_wconf 79' lang='lat' dir='ltr'><strong>es,</strong></span> 
     </span>
     <span class='ocr_line' id='line_1_28' title="bbox 255 3461 1406 3547; baseline -0.001 -19"><span class='ocrx_word' id='word_1_233' title='bbox 255 3464 322 3547; x_wconf 91' lang='lat' dir='ltr'><strong>qui</strong></span> <span class='ocrx_word' id='word_1_234' title='bbox 359 3463 518 3528; x_wconf 80' lang='lat' dir='ltr'><strong>iudices</strong></span> <span class='ocrx_word' id='word_1_235' title='bbox 563 3463 739 3527; x_wconf 88' lang='lat' dir='ltr'><strong>alienum</strong></span> <span class='ocrx_word' id='word_1_236' title='bbox 777 3465 960 3527; x_wconf 78' lang='lat' dir='ltr'><strong>seruum?</strong></span> <span class='ocrx_word' id='word_1_237' title='bbox 1000 3481 1073 3527; x_wconf 83' lang='lat' dir='ltr'><strong>auo</strong></span> <span class='ocrx_word' id='word_1_238' title='bbox 1116 3461 1274 3528; x_wconf 92' lang='lat' dir='ltr'><strong>domino</strong></span> <span class='ocrx_word' id='word_1_239' title='bbox 1322 3467 1406 3529; x_wconf 85' lang='lat' dir='ltr'><strong>stat</strong></span> 
     </span>
     <span class='ocr_line' id='line_1_29' title="bbox 255 3569 1404 3652; baseline 0 -18"><span class='ocrx_word' id='word_1_240' title='bbox 255 3572 324 3635; x_wconf 87' lang='lat' dir='ltr'><strong>ant</strong></span> <span class='ocrx_word' id='word_1_241' title='bbox 362 3569 487 3647; x_wconf 74' lang='lat' dir='ltr'><strong>ondit,</strong></span> <span class='ocrx_word' id='word_1_242' title='bbox 526 3569 658 3635; x_wconf 84' lang='lat' dir='ltr'><strong>stabit</strong></span> <span class='ocrx_word' id='word_1_243' title='bbox 694 3573 842 3647; x_wconf 83' lang='lat' dir='ltr'><strong>autem3</strong></span> <span class='ocrx_word' id='word_1_244' title='bbox 880 3573 1027 3652; x_wconf 80' lang='lat' dir='ltr'><strong>potens</strong></span> <span class='ocrx_word' id='word_1_245' title='bbox 1065 3571 1129 3633; x_wconf 82' lang='lat' dir='ltr'><strong>est</strong></span> <span class='ocrx_word' id='word_1_246' title='bbox 1165 3569 1268 3634; x_wconf 90' lang='lat' dir='ltr'><strong>enim</strong></span> <span class='ocrx_word' id='word_1_247' title='bbox 1305 3569 1404 3636; x_wconf 84' lang='lat' dir='ltr'><strong>deuo</strong></span> 
     </span>
    </p>
   </div>
   <div class='ocr_carea' id='block_1_3' title="bbox 254 3811 1402 3968">
    <p class='ocr_par' dir='ltr' id='par_1_5' title="bbox 254 3811 1402 3968">
     <span class='ocr_line' id='line_1_30' title="bbox 342 3811 1402 3878; baseline 0.002 -12"><span class='ocrx_word' id='word_1_248' title='bbox 342 3813 406 3867; x_wconf 84' lang='lat'><strong>411</strong></span> <span class='ocrx_word' id='word_1_249' title='bbox 426 3811 485 3868; x_wconf 85' lang='lat' dir='ltr'><strong>Cor.</strong></span> <span class='ocrx_word' id='word_1_250' title='bbox 506 3814 583 3876; x_wconf 82' lang='lat'>12,7</span> <span class='ocrx_word' id='word_1_251' title='bbox 634 3811 782 3878; x_wconf 83' lang='lat' dir='ltr'>510b7‚1</span> <span class='ocrx_word' id='word_1_252' title='bbox 834 3811 980 3868; x_wconf 78' lang='lat' dir='ltr'><strong>aoITim.</strong></span> <span class='ocrx_word' id='word_1_253' title='bbox 999 3815 1025 3876; x_wconf 84' lang='lat'><strong>5,</strong></span> <span class='ocrx_word' id='word_1_254' title='bbox 1044 3813 1080 3867; x_wconf 88' lang='grc'><strong>20</strong></span> <span class='ocrx_word' id='word_1_255' title='bbox 1129 3813 1165 3867; x_wconf 93' lang='grc'><strong>22</strong></span> <span class='ocrx_word' id='word_1_256' title='bbox 1183 3813 1283 3869; x_wconf 78' lang='lat' dir='ltr'><strong>Metili.</strong></span> <span class='ocrx_word' id='word_1_257' title='bbox 1305 3815 1348 3878; x_wconf 87' lang='grc'><strong>18,</strong></span> <span class='ocrx_word' id='word_1_258' title='bbox 1370 3815 1402 3868; x_wconf 83' lang='grc'><strong>15</strong></span> 
     </span>
     <span class='ocr_line' id='line_1_31' title="bbox 254 3901 1242 3968; baseline 0.002 -12"><span class='ocrx_word' id='word_1_259' title='bbox 254 3902 470 3968; x_wconf 60' lang='grc'><strong>23100145</strong></span> <span class='ocrx_word' id='word_1_260' title='bbox 525 3903 560 3957; x_wconf 79' lang='grc'><strong>25</strong></span> <span class='ocrx_word' id='word_1_261' title='bbox 578 3902 677 3958; x_wconf 85' lang='lat' dir='ltr'><strong>Matth.</strong></span> <span class='ocrx_word' id='word_1_262' title='bbox 698 3903 722 3968; x_wconf 83' lang='lat' dir='ltr'><strong>l,</strong></span> <span class='ocrx_word' id='word_1_263' title='bbox 744 3902 772 3968; x_wconf 92' lang='lat' dir='ltr'><strong>l;</strong></span> <span class='ocrx_word' id='word_1_264' title='bbox 792 3901 857 3956; x_wconf 85' lang='lat' dir='ltr'><strong>Lno.</strong></span> <span class='ocrx_word' id='word_1_265' title='bbox 877 3905 901 3966; x_wconf 86' lang='grc'><strong>6,</strong></span> <span class='ocrx_word' id='word_1_266' title='bbox 922 3901 956 3956; x_wconf 83' lang='grc'><strong>37</strong></span> <span class='ocrx_word' id='word_1_267' title='bbox 1010 3902 1141 3956; x_wconf 70' lang='grc' dir='ltr'><strong>2611οω.</strong></span> <span class='ocrx_word' id='word_1_268' title='bbox 1163 3903 1242 3968; x_wconf 85' lang='grc'><strong>14,4</strong></span> 
     </span>
    </p>
   </div>
   <div class='ocr_carea' id='block_1_4' title="bbox 250 4041 1402 4468">
    <p class='ocr_par' dir='ltr' id='par_1_6' title="bbox 250 4041 1402 4468">
     <span class='ocr_line' id='line_1_32' title="bbox 289 4041 1402 4114; baseline 0.001 -17"><span class='ocrx_word' id='word_1_269' title='bbox 289 4043 375 4098; x_wconf 73' lang='lat' dir='ltr'><strong>dhon</strong></span> <span class='ocrx_word' id='word_1_270' title='bbox 394 4061 444 4100; x_wconf 89' lang='lat' dir='ltr'><strong>om.</strong></span> <span class='ocrx_word' id='word_1_271' title='bbox 464 4043 491 4097; x_wconf 95' lang='lat' dir='ltr'><strong><em>P</em></strong></span> <span class='ocrx_word' id='word_1_272' title='bbox 560 4043 592 4098; x_wconf 88' lang='grc'><strong>10</strong></span> <span class='ocrx_word' id='word_1_273' title='bbox 612 4047 660 4097; x_wconf 80' lang='lat' dir='ltr'><strong>aut</strong></span> <span class='ocrx_word' id='word_1_274' title='bbox 683 4041 815 4098; x_wconf 82' lang='lat' dir='ltr'><strong>VUedd.</strong></span> <span class='ocrx_word' id='word_1_275' title='bbox 886 4045 919 4097; x_wconf 84' lang='grc'><strong>17</strong></span> <span class='ocrx_word' id='word_1_276' title='bbox 939 4043 1004 4113; x_wconf 90' lang='lat' dir='ltr'><strong>qnid</strong></span> <span class='ocrx_word' id='word_1_277' title='bbox 1023 4045 1096 4114; x_wconf 91' lang='lat' dir='ltr'><strong>oum]</strong></span> <span class='ocrx_word' id='word_1_278' title='bbox 1117 4061 1178 4098; x_wconf 90' lang='lat' dir='ltr'><strong>oum</strong></span> <span class='ocrx_word' id='word_1_279' title='bbox 1197 4045 1239 4108; x_wconf 75' lang='lat' dir='ltr'><strong>(iu</strong></span> <span class='ocrx_word' id='word_1_280' title='bbox 1256 4061 1313 4102; x_wconf 80' lang='lat' dir='ltr'><strong>raa.</strong></span> <span class='ocrx_word' id='word_1_281' title='bbox 1330 4045 1402 4099; x_wconf 69' lang='lat' dir='ltr'><strong>autu</strong></span> 
     </span>
     <span class='ocr_line' id='line_1_33' title="bbox 250 4129 1399 4204; baseline 0.003 -20"><span class='ocrx_word' id='word_1_282' title='bbox 250 4133 360 4200; x_wconf 35' lang='lat' dir='ltr'><strong>,anaplal</strong></span> <span class='ocrx_word' id='word_1_283' title='bbox 385 4131 487 4186; x_wconf 88' lang='lat' dir='ltr'><strong>Voum</strong></span> <span class='ocrx_word' id='word_1_284' title='bbox 507 4133 564 4186; x_wconf 85' lang='lat' dir='ltr'><strong>lar</strong></span> <span class='ocrx_word' id='word_1_285' title='bbox 635 4130 742 4184; x_wconf 82' lang='lat' dir='ltr'><strong>accidat</strong></span> <span class='ocrx_word' id='word_1_286' title='bbox 764 4129 822 4185; x_wconf 88' lang='lat' dir='ltr'><strong>VU</strong></span> <span class='ocrx_word' id='word_1_287' title='bbox 836 4131 896 4185; x_wconf 84' lang='lat' dir='ltr'><strong>edd.</strong></span> <span class='ocrx_word' id='word_1_288' title='bbox 978 4131 1011 4185; x_wconf 88' lang='lat'><strong>18</strong></span> <span class='ocrx_word' id='word_1_289' title='bbox 1029 4133 1191 4202; x_wconf 78' lang='lat' dir='ltr'><strong>relinqueris</strong></span> <span class='ocrx_word' id='word_1_290' title='bbox 1209 4134 1236 4187; x_wconf 92' lang='lat' dir='ltr'><strong><em>P</em></strong></span> <span class='ocrx_word' id='word_1_291' title='bbox 1307 4133 1340 4188; x_wconf 87' lang='grc'><strong>20</strong></span> <span class='ocrx_word' id='word_1_292' title='bbox 1360 4133 1399 4204; x_wconf 90' lang='lat' dir='ltr'><strong>id]</strong></span> 
     </span>
     <span class='ocr_line' id='line_1_34' title="bbox 254 4218 1401 4293; baseline 0.003 -19"><span class='ocrx_word' id='word_1_293' title='bbox 254 4223 282 4274; x_wconf 87' lang='lat' dir='ltr'><strong>et</strong></span> <span class='ocrx_word' id='word_1_294' title='bbox 301 4219 355 4274; x_wconf 86' lang='lat' dir='ltr'><strong>VU</strong></span> <span class='ocrx_word' id='word_1_295' title='bbox 402 4222 437 4275; x_wconf 86' lang='lat'><strong>24</strong></span> <span class='ocrx_word' id='word_1_296' title='bbox 457 4235 618 4290; x_wconf 87' lang='lat' dir='ltr'><strong>quemquam</strong></span> <span class='ocrx_word' id='word_1_297' title='bbox 637 4235 689 4277; x_wconf 89' lang='lat' dir='ltr'><strong>om.</strong></span> <span class='ocrx_word' id='word_1_298' title='bbox 709 4218 765 4273; x_wconf 87' lang='lat' dir='ltr'><strong>VU</strong></span> <span class='ocrx_word' id='word_1_299' title='bbox 781 4220 840 4276; x_wconf 84' lang='lat' dir='ltr'><strong>edd.</strong></span> <span class='ocrx_word' id='word_1_300' title='bbox 859 4237 909 4276; x_wconf 81' lang='lat' dir='ltr'><strong>eoo.</strong></span> <span class='ocrx_word' id='word_1_301' title='bbox 929 4221 1008 4290; x_wconf 71' lang='lat' dir='ltr'><strong>Vulq.</strong></span> <span class='ocrx_word' id='word_1_302' title='bbox 1029 4219 1093 4287; x_wconf 80' lang='lat' dir='ltr'><em>(Gr.</em></span> <span class='ocrx_word' id='word_1_303' title='bbox 1107 4226 1141 4289; x_wconf 81' lang='grc' dir='ltr'><strong>τι)</strong></span> <span class='ocrx_word' id='word_1_304' title='bbox 1162 4230 1270 4293; x_wconf 76' lang='lat' dir='ltr'><strong>queque</strong></span> <span class='ocrx_word' id='word_1_305' title='bbox 1284 4225 1361 4290; x_wconf 73' lang='lat' dir='ltr'><strong>(aiei)</strong></span> <span class='ocrx_word' id='word_1_306' title='bbox 1374 4224 1401 4277; x_wconf 90' lang='lat' dir='ltr'><strong><em>P</em></strong></span> 
     </span>
     <span class='ocr_line' id='line_1_35' title="bbox 290 4308 1399 4382; baseline 0.002 -20"><span class='ocrx_word' id='word_1_307' title='bbox 290 4313 317 4362; x_wconf 88' lang='lat' dir='ltr'><strong>et</strong></span> <span class='ocrx_word' id='word_1_308' title='bbox 337 4308 564 4378; x_wconf 79' lang='lat' dir='ltr'><strong>quod-iudicare</strong></span> <span class='ocrx_word' id='word_1_309' title='bbox 583 4325 634 4365; x_wconf 88' lang='lat' dir='ltr'><strong>om.</strong></span> <span class='ocrx_word' id='word_1_310' title='bbox 658 4309 712 4364; x_wconf 87' lang='lat' dir='ltr'><strong>VU</strong></span> <span class='ocrx_word' id='word_1_311' title='bbox 729 4309 790 4364; x_wconf 84' lang='lat' dir='ltr'><strong>edd.</strong></span> <span class='ocrx_word' id='word_1_312' title='bbox 859 4311 893 4365; x_wconf 86' lang='grc'><strong>26</strong></span> <span class='ocrx_word' id='word_1_313' title='bbox 914 4309 960 4380; x_wconf 92' lang='lat' dir='ltr'><strong>qui</strong></span> <span class='ocrx_word' id='word_1_314' title='bbox 979 4326 1017 4374; x_wconf 86' lang='lat' dir='ltr'><strong>es,</strong></span> <span class='ocrx_word' id='word_1_315' title='bbox 1035 4313 1103 4363; x_wconf 66' lang='grc' dir='ltr'><em>Μ</em></span> <span class='ocrx_word' id='word_1_316' title='bbox 1122 4311 1182 4381; x_wconf 86' lang='lat' dir='ltr'><strong>quia</strong></span> <span class='ocrx_word' id='word_1_317' title='bbox 1202 4327 1232 4364; x_wconf 83' lang='lat' dir='ltr'><strong>ee</strong></span> <span class='ocrx_word' id='word_1_318' title='bbox 1249 4311 1278 4364; x_wconf 92' lang='lat' dir='ltr'><strong><em>P</em></strong></span> <span class='ocrx_word' id='word_1_319' title='bbox 1294 4312 1352 4382; x_wconf 86' lang='lat' dir='ltr'><strong>quis</strong></span> <span class='ocrx_word' id='word_1_320' title='bbox 1371 4327 1399 4364; x_wconf 79' lang='lat' dir='ltr'><strong>ee</strong></span> 
     </span>
     <span class='ocr_line' id='line_1_36' title="bbox 258 4397 1398 4468; baseline 0.004 -16"><span class='ocrx_word' id='word_1_321' title='bbox 258 4397 313 4452; x_wconf 75' lang='grc' dir='ltr'><strong>ΠΙ</strong></span> <span class='ocrx_word' id='word_1_322' title='bbox 329 4398 389 4453; x_wconf 84' lang='lat' dir='ltr'><strong>edd.</strong></span> <span class='ocrx_word' id='word_1_323' title='bbox 407 4415 458 4454; x_wconf 84' lang='lat' dir='ltr'><strong>aec.</strong></span> <span class='ocrx_word' id='word_1_324' title='bbox 482 4398 560 4468; x_wconf 68' lang='lat' dir='ltr'><strong>Volo.</strong></span> <span class='ocrx_word' id='word_1_325' title='bbox 615 4399 650 4452; x_wconf 85' lang='grc'><strong>27</strong></span> <span class='ocrx_word' id='word_1_326' title='bbox 669 4397 781 4463; x_wconf 74' lang='lat' dir='ltr'><strong>iudices,</strong></span> <span class='ocrx_word' id='word_1_327' title='bbox 801 4401 866 4452; x_wconf 79' lang='lat' dir='ltr'><strong>m.2</strong></span> <span class='ocrx_word' id='word_1_328' title='bbox 884 4415 952 4454; x_wconf 72' lang='lat' dir='ltr'><strong>com.</strong></span> <span class='ocrx_word' id='word_1_329' title='bbox 971 4397 1031 4453; x_wconf 80' lang='lat' dir='ltr'><strong>uid.</strong></span> <span class='ocrx_word' id='word_1_330' title='bbox 1051 4398 1155 4455; x_wconf 82' lang='lat' dir='ltr'><strong>iudioae</strong></span> <span class='ocrx_word' id='word_1_331' title='bbox 1173 4399 1202 4452; x_wconf 92' lang='lat' dir='ltr'><strong><em>P</em></strong></span> <span class='ocrx_word' id='word_1_332' title='bbox 1219 4400 1321 4456; x_wconf 78' lang='lat' dir='ltr'><strong>iudioaa</strong></span> <span class='ocrx_word' id='word_1_333' title='bbox 1338 4399 1398 4456; x_wconf 73' lang='lat' dir='ltr'><strong>edd</strong></span> 
     </span>
    </p>
   </div>
   <div class='ocr_carea' id='block_1_5' title="bbox 0 0 1550 5217">
    <p class='ocr_par' dir='ltr' id='par_1_7' title="bbox 0 0 1550 5217">
     <span class='ocr_line' id='line_1_37' title="bbox 0 0 1550 5217; baseline 0 3"><span class='ocrx_word' id='word_1_334' title='bbox 0 0 1550 5217; x_wconf 95' lang='lat' dir='ltr'><strong> </strong></span> 
     </span>
    </p>
   </div>
  </div>
 </body>
</html>
