3092 5217
271 468 334 531 104
628 467 655 521 S.
685 469 822 522 Aureli
851 470 1069 540 Augustini

270 661 383 744 inquit,
426 662 632 727 ecelesiae
674 663 823 744 Ephesi
867 665 1018 729 scribe:
1055 667 1162 730 Hcec
1200 667 1314 742 dicit,
1353 669 1416 749 qui

269 771 383 833 tenet
412 770 569 850 septem
597 770 747 833 stellas
775 769 813 833 in
843 769 1009 835 dextere
1039 790 1119 850 sua,
1149 773 1216 854 qui
1241 773 1417 838 ambulat

270 873 308 937 in
340 874 472 939 medie
501 879 656 957 septem
687 875 1029 940 candelabrorum
1064 897 1295 944 aureorum:
1329 878 1415 944 Scio

271 999 390 1062 opera
418 985 488 1045 tua
515 984 553 1044 et
579 982 758 1047 laborem
788 985 827 1045 et
853 983 1101 1064 patientiam
1127 987 1239 1049 tuam
1268 986 1417 1068 etquis

270 1105 344 1150 non
378 1091 497 1168 potes
530 1088 741 1153 sustinere
768 1086 896 1152 malos
925 1093 964 1154 st
991 1091 1212 1174 temptasti
1244 1110 1323 1172 eos,
1354 1093 1450 1175 quis

271 1213 311 1260 se
340 1195 485 1259 dieunt
515 1197 729 1278 apostolos
753 1214 843 1261 esse
869 1199 908 1260 et
930 1215 1004 1262 non
1029 1201 1133 1273 sunt,
1158 1203 1196 1262 et
1218 1197 1416 1264 inuenisti

271 1318 338 1365 eos
368 1299 582 1365 mendaces
611 1303 651 1364 et
677 1299 920 1383 patientiam
948 1301 1069 1366 habes
1101 1305 1140 1366 e't
1172 1304 1417 1369 sustinuisti

271 1424 341 1471 eos
365 1409 533 1489 propter
556 1425 696 1470 nomen
721 1426 849 1471 meum
877 1411 916 1470 et
943 1427 1017 1471 non
1047 1408 1255 1475 defecisti.
1285 1409 1418 1493 quodsi

270 1512 309 1577 de
338 1514 448 1597 angelo
477 1513 675 1594 superiorum
705 1511 865 1577 caelorum
896 1517 927 1578 et
955 1533 1015 1578 non
1044 1514 1082 1580 ds
1110 1516 1299 1598 praepositis
1324 1517 1418 1582 ecole-

271 1620 338 1684 siae
365 1620 466 1684 uellet
490 1619 645 1704 intellegi,
675 1638 736 1683 non
765 1623 993 1703 consequenter
1020 1621 1152 1686 diceret:
1187 1622 1261 1687 Sed
1294 1623 1416 1688 habeo
1435 1647 1455 1684 n

271 1725 488 1790 aduersum
520 1728 570 1802 te,
603 1725 708 1807 quod
740 1725 960 1790 caritatem
993 1730 1101 1791 tuam
1132 1728 1299 1810 primam
1333 1729 1417 1794 reli·
1525 1773 1526 1776 κ

272 1832 414 1914 quisti.
442 1835 705 1896 memoresto
733 1832 885 1914 itaque,
914 1832 1014 1908 unde
1043 1833 1257 1910 excideris,
1282 1839 1321 1900 st
1349 1855 1416 1920 ege

271 1938 569 2022 paenitentiam
593 1942 632 2003 et
654 1938 782 2022 prima
806 1959 927 2020 opera
949 1940 1029 2015 secr
1054 1940 1115 2005 sin
1135 1944 1280 2019 autem,
1300 1942 1416 2006 uenio

272 2045 352 2108 tibi
389 2048 429 2110 et
465 2045 634 2110 mouebo
672 2045 960 2111 candelabrum
997 2051 1108 2112 tuum
1146 2047 1308 2112 deloco
1338 2065 1417 2120 suo,

273 2151 354 2215 nisi
381 2151 679 2235 peonitentiam
708 2152 853 2236 egeris.
883 2152 943 2217 hoc
969 2153 1186 2234 superioribus
1210 2153 1333 2238 angelis
1358 2153 1418 2217 dici
1436 2176 1456 2216 u

273 2277 333 2322 non
362 2260 478 2340 potest,
508 2259 562 2340 qui
585 2261 770 2340 perpetuam
794 2259 930 2324 retinent
953 2260 1127 2337 ceritatem,
1151 2260 1234 2324 unde
1258 2260 1312 2343 qui
1337 2259 1418 2325 dei-

274 2369 385 2428 oemnt
425 2366 457 2427 et
496 2361 579 2445 lapsi
617 2367 701 2440 sunt,
740 2363 885 2429 diabolus
923 2368 972 2429 est
1011 2369 1043 2429 et
1079 2365 1183 2450 angeli
1224 2364 1303 2430 eius.
1347 2385 1419 2450 ergo

272 2470 406 2552 primam
431 2470 593 2534 ceritatem
618 2470 704 2546 dicit,
724 2471 801 2552 qnia
819 2471 974 2536 sustinuit
991 2471 1275 2555 pseudoapostolos
1294 2477 1420 2554 propter

272 2597 385 2641 nomen
416 2576 546 2654 Ciuistt
574 2597 667 2660 quam
696 2578 787 2642 iubet
814 2582 852 2643 ut
879 2581 1001 2660 repetat
1024 2581 1056 2643 et
1079 2578 1176 2642 faciat
1198 2578 1303 2660 priora
1327 2598 1419 2661 opere

272 2704 340 2750 sue.
380 2688 411 2749 et
448 2684 629 2749 obiciuntur
665 2685 758 2750 nobis
796 2685 928 2749 crimine
963 2684 1119 2749 malorum
1153 2685 1328 2764 hominum,
1361 2705 1419 2779 non
1436 2708 1458 2746 ro

271 2795 380 2855 nostra
407 2790 464 2855 sed
497 2792 597 2856 aliena
631 2795 664 2856 et
694 2792 766 2874 ipsa
797 2791 911 2874 partim
944 2791 1115 2875 incognita.
1149 2810 1229 2874 quae
1263 2791 1291 2855 si
1324 2792 1419 2856 etiam

272 2917 349 2962 uem
381 2901 413 2962 et
444 2896 624 2980 praesentia
654 2896 836 2962 uideremus
869 2900 902 2961 et
933 2896 1061 2962 zizaniis
1098 2899 1227 2980 propter
1264 2897 1419 2961 frumenta

271 3009 436 3086 parcentes
459 3021 515 3085 pro
539 3004 661 3068 unitate
684 3005 903 3080 toleraremus,
928 3021 988 3068 non
1013 3005 1118 3068 solum
1142 3003 1230 3069 nulla
1256 3005 1420 3086 reprehen-

273 3111 361 3174 sione
385 3109 441 3175 sed
465 3110 559 3175 etiam
583 3130 644 3174 non
668 3130 766 3194 parua
789 3110 882 3174 laude
906 3129 962 3175 nos
987 3109 1100 3195 dignos
1125 3111 1253 3188 diceret,
1278 3111 1420 3193 quicum-

273 3235 334 3298 que
359 3216 530 3298 son'pturas
555 3221 680 3281 sanctas
704 3237 764 3282 non
789 3216 881 3282 eorde
906 3216 1021 3282 surdus
1050 3216 1181 3281 audiret.
1438 3244 1461 3283 ss

228 3325 270 3387 23
317 3321 445 3388 Tolerat
472 3325 574 3387 Aaron
603 3323 843 3388 multitudinem
867 3323 989 3388 idolum
1012 3323 1188 3407 exigentem
1213 3327 1245 3387 et
1268 3323 1420 3387 fabrican-

272 3435 338 3494 tem
367 3433 399 3494 et
427 3429 622 3504 adorantem3
650 3431 765 3495 tolerat
792 3431 921 3513 Moyses
950 3430 1104 3495 aduersus
1133 3431 1226 3494 deum
1256 3434 1305 3495 tot
1332 3430 1421 3494 milia

364 3639 396 3692 lo
415 3640 497 3708 Apoc.
517 3640 542 3700 2,
562 3641 633 3693 4-5
706 3640 739 3692 16
757 3639 856 3692 Matth.
877 3641 919 3702 25,
938 3640 987 3702 41;
1007 3639 1091 3709 Apoc.
1114 3640 1154 3706 12,
1175 3640 1191 3692 9
1259 3639 1295 3692 26
1314 3639 1359 3693 Ex.
1376 3640 1421 3707 32,

274 3727 342 3780 1-6
398 3727 741 3793 2731.14‚11;15,24;
764 3727 1419 3794 leuet&17,2-3;Num.14,2;1e,41

311 3852 323 3904 1
345 3850 460 3904 scribere
479 3850 533 3904 ΡΑ
600 3854 618 3905 4
636 3855 710 3905 tuom
729 3868 781 3905 om.
800 3850 917 3904 MFAP
970 3853 986 3906 5
1006 3853 1142 3921 temptati,
1162 3867 1231 3906 corr.
1252 3855 1420 3921 m.1temp-
1527 3887 1528 3914 q

272 3939 339 3992 testi
363 3937 388 3989 F
479 3939 495 3991 6
515 3955 544 3992 se
564 3938 660 3993 dionnt
678 3939 698 4004 (i
717 3955 750 3993 ee
767 3955 841 4006 roe.‚·
853 3939 950 4007 fuitne
968 3937 1021 4006 u?)
1042 3938 1071 3992 F
1086 3937 1225 4003 seducunt,
1246 3955 1316 3994 corr.
1335 3957 1368 3995 m.
1388 3944 1422 3992 ut

272 4027 330 4082 eid.
351 4032 365 4078 1
383 4027 508 4081 sedicunt
526 4030 552 4083 A
643 4045 702 4082 esse
721 4043 772 4081 om.
792 4027 832 4095 Ε·
850 4043 922 4082 secr.
943 4027 995 4081 litt.
1014 4029 1134 4082 comant
1223 4027 1240 4082 8
1259 4027 1374 4082 deflcisti
1396 4027 1426 4082 F

275 4116 308 4168 10
327 4119 471 4184 sequenter
484 4115 513 4168 F
566 4118 599 4170 14
617 4115 682 4186 tibi]
700 4116 753 4170 tibi
772 4116 879 4170 citoM
933 4116 965 4170 17
985 4119 1014 4170 et
1032 4115 1078 4186 qni
1096 4115 1216 4186 lapsiM
1269 4118 1302 4171 19
1322 4133 1423 4186 oppera
1527 4119 1528 4190 l

273 4220 322 4256 sua
339 4205 430 4273 priora
448 4204 485 4257 M
554 4206 587 4258 21
609 4221 677 4276 qnae
697 4206 733 4274 si]
753 4205 830 4273 qnasi
850 4204 876 4257 A
948 4205 983 4258 22
1002 4203 1149 4259 uiderimus
1168 4205 1205 4258 M
1222 4205 1298 4276 (m.2
1316 4203 1423 4260 uidere·
1527 4203 1528 4250 l

272 4295 344 4356 mus)
363 4293 389 4344 A
453 4293 487 4346 23
506 4293 654 4347 toleramus
671 4292 707 4346 Μ
726 4298 806 4355 (corr.
825 4297 886 4346 eal
903 4293 1136 4358 toleraremus
1201 4295 1235 4347 24
1255 4310 1304 4346 nos
1323 4310 1374 4347 ooo.
1398 4293 1424 4344 A
1527 4251 1528 4314 l

272 4382 307 4434 26
327 4379 459 4434 idolorum
480 4380 534 4434 FP
551 4380 692 4451 idollerum
711 4381 786 4435 idolo
805 4382 842 4434 M
