3092 5217
306 499 373 561 416
664 496 691 549 S.
720 496 857 549 Aureli
885 497 1104 566 Augustini

306 694 461 773 qnantum
494 710 677 774 possumus,
709 710 876 755 monemus
910 691 1004 756 etiam
1037 692 1136 757 laicos
1170 696 1304 769 nostros,
1335 698 1371 757 ut
1395 714 1443 759 eos

308 798 445 863 inlaesos
477 801 605 863 teneant
638 802 670 862 et
697 797 789 862 nobis
818 798 1032 880 corripiendos
1055 798 1320 882 instruendosque
1342 800 1444 883 perdu-

305 908 389 969 cant.
414 903 470 968 sed
493 903 592 986 aliqui
616 922 673 968 nos
699 902 834 968 audiunt
858 906 899 983 et,
926 906 953 969 si
977 909 1122 989 possunt,
1146 906 1280 983 faciunt;
1305 907 1357 971 alii
1378 926 1442 971 cum

305 1011 371 1075 illis
396 1029 489 1093 quem
514 1010 706 1074 admodum
732 1029 804 1076 eum
828 1010 1006 1077 latronibus
1030 1015 1140 1097 agunt,
1164 1013 1239 1096 quia
1257 1032 1311 1079 eos
1329 1032 1361 1078 re
1379 1034 1444 1078 uera

306 1118 388 1183 tales
426 1118 604 1200 patientum
642 1117 740 1201 aliqui
772 1118 857 1182 ictus
891 1136 1001 1183 eorum
1034 1118 1102 1183 suis
1135 1120 1318 1202 corporibus
1352 1120 1478 1185 imni-s

307 1228 417 1290 nentes
449 1223 589 1289 leniendo
622 1224 793 1307 repellunt,
826 1243 864 1288 ne
897 1225 936 1289 ab
969 1224 1015 1289 eis
1049 1230 1120 1289 ante
1157 1226 1321 1302 feriantnn
1358 1226 1444 1307 aliqui

307 1330 521 1413 adprehensus
552 1329 714 1395 indicibus
748 1329 885 1395 offerunt
913 1349 969 1395 nec
998 1331 1089 1397 nobis
1117 1332 1384 1398 intercedentibus
1405 1334 1444 1397 eis

306 1440 450 1519 parcunt,
486 1437 562 1501 dnm
596 1437 635 1501 ab
667 1437 713 1500 eis
746 1436 814 1519 pati
847 1437 931 1501 mala
962 1438 1113 1504 immania
1148 1439 1386 1521 pertimescunt.
1418 1440 1444 1503 in

307 1545 423 1627 quihus
448 1545 595 1608 omnibus
618 1543 667 1608 illi
690 1564 751 1610 non
776 1544 940 1627 deponunt
962 1545 1045 1610 iacta
1069 1547 1228 1611 latronum
1252 1550 1285 1611 et
1306 1546 1443 1611 honorem

308 1651 369 1715 sibi
393 1647 523 1735 erigdnt
545 1654 728 1734 martyrum.
1459 1680 1477 1715 o

223 1838 228 1848 Ι
259 1754 297 1814 10
351 1758 421 1822 Hoc
459 1761 509 1822 est
540 1776 614 1841 ergo
648 1756 841 1822 desiderium
878 1761 1033 1837 noenum,
1072 1758 1156 1842 quod
1194 1762 1269 1825 tuae
1306 1760 1443 1845 grauitati

307 1883 362 1946 per
399 1865 457 1927 has
490 1864 614 1929 litteras
652 1867 684 1929 et
715 1883 772 1947 per
805 1864 927 1941 fratres,
962 1884 1041 1947 quos
1073 1866 1233 1945 misimus,
1267 1866 1443 1951 allegamus:

306 1970 456 2053 primum,
495 1970 523 2037 si
561 1970 629 2035 fieri
662 1974 779 2053 potest,
813 1975 850 2035 ut
881 1990 954 2036 cum
987 1972 1146 2056 episcopis
1178 1974 1296 2038 nostris
1327 1972 1443 2056 pacifice

308 2077 486 2153 conferatis,
519 2080 567 2156 ut,
600 2077 632 2141 in
666 2077 782 2159 quibus
816 2076 912 2141 luerit
943 2078 1103 2153 inuentus,
1137 2098 1197 2144 non
1229 2079 1371 2145 homines
1396 2079 1442 2143 sed
1525 2136 1526 2139 ,

307 2202 393 2248 error
425 2184 494 2267 ipse
531 2185 676 2259 tollatur3
714 2188 751 2248 ut
788 2183 932 2249 homines
965 2204 1027 2250 non
1059 2186 1242 2268 puniantur,
1275 2187 1331 2251 sed
1363 2188 1443 2251 corri-
1459 2212 1476 2248 c

308 2295 435 2374 panton
469 2294 507 2355 ut
532 2310 592 2355 uos
618 2289 713 2355 modo
742 2291 950 2367 conueniatis,
980 2290 1054 2373 quia
1081 2310 1189 2358 eorum
1213 2292 1442 2359 consentionem

307 2400 400 2461 antea
422 2398 670 2480 contempsistis.
695 2400 812 2481 quanto
836 2397 951 2462 melius
976 2398 1060 2462 enim
1084 2398 1144 2463 hoc
1161 2399 1244 2464 inter
1261 2419 1321 2465 uos
1339 2400 1441 2464 facitis.

307 2506 355 2580 ut,
392 2503 478 2586 quod
514 2504 653 2588 egeritis,
691 2503 906 2588 conscriptum
944 2507 976 2567 et
1017 2504 1233 2587 subscriptum
1276 2505 1442 2589 imperatori

307 2610 455 2689 mittatis,
480 2630 574 2693 qnam
597 2614 635 2674 nt
656 2611 717 2675 hoo
741 2610 826 2693 apud
849 2614 986 2675 terrenas
1010 2614 1188 2693 potestates
1212 2612 1277 2689 dat,
1297 2632 1374 2694 quae
1390 2632 1441 2676 non

306 2721 442 2799 possunt
473 2717 536 2782 nisi
566 2716 630 2781 iam
663 2717 745 2781 datis
779 2721 888 2782 contra
919 2736 977 2783 uos
1005 2717 1130 2802 legibus
1159 2718 1327 2783 inseruire!
1355 2716 1441 2783 uestri
1456 2742 1476 2779 a

308 2822 394 2888 enim
416 2823 566 2909 collegae,
591 2825 646 2906 qui
669 2824 906 2908 nauigauerant,
935 2824 1020 2907 apud
1047 2825 1222 2906 praefectos
1250 2825 1391 2890 dixerunt
1414 2844 1442 2888 se

309 2930 410 2994 audiri
446 2930 574 2996 uenisse
613 2935 645 2995 et
680 2931 925 2995 nominancrunt
961 2934 1107 2995 sanctum
1146 2934 1270 3013 patrem
1312 2935 1441 2996 nostrum
1525 2950 1526 2991 ς

308 3036 498 3101 catholicum
523 3038 710 3120 episcopum
732 3035 946 3115 Valentinum,
971 3038 1024 3119 qui
1048 3042 1123 3101 tunc
1147 3037 1178 3100 in
1203 3036 1355 3101 comitatu
1376 3042 1441 3101 erat.

309 3144 449 3209 dieentes
474 3144 625 3209 camillo
650 3162 684 3208 se
708 3143 792 3208 uelle
815 3145 929 3219 audiri,
954 3144 1038 3226 quod
1061 3143 1108 3209 eis
1131 3162 1192 3208 non
1216 3148 1340 3225 poterat
1361 3143 1442 3208 index
1525 3230 1526 3235 ἵ

308 3250 490 3328 concedere,
519 3250 575 3333 qui
601 3251 665 3315 iam
694 3251 868 3316 secundum
897 3251 996 3337 leges,
1022 3270 1101 3335 quae
1126 3255 1234 3316 contra
1257 3268 1315 3317 uos
1340 3248 1441 3315 consti-
1457 3272 1476 3310 s
1525 3236 1526 3329 l

307 3359 397 3420 tntae
435 3359 520 3433 sunt,
557 3355 731 3431 indicabat;
771 3376 830 3421 neo
859 3356 915 3421 ille
947 3356 1116 3439 episcopus
1153 3357 1198 3421 ita
1236 3359 1362 3421 uenerat
1395 3360 1441 3419 ant
1525 3374 1526 3441 q

308 3461 438 3545 aliquod
473 3462 537 3526 tale
574 3462 756 3527 mandatnm
790 3482 808 3525 a
840 3464 907 3529 suis
940 3464 1097 3547 episcopis
1130 3469 1302 3545 acceperat.
1339 3464 1441 3544 quanto
1525 3466 1526 3469 ’

344 3774 600 3844 2οοφοῐίρίοῃᾶοε
618 3775 655 3829 Μ
741 3775 831 3830 3sed
854 3776 1118 3846 aliqui-patiuntur
1136 3792 1187 3830 orn.
1206 3777 1233 3831 A
1324 3775 1440 3844 deliqui]

309 3863 356 3917 alii
374 3864 412 3917 Μ
477 3863 676 3934 ildepromunt
693 3865 721 3918 Δ
792 3866 824 3918 12
842 3865 944 3918 litteris
963 3866 990 3917 A
1072 3865 1216 3934 alligamus
1234 3864 1300 3919 Mic
1363 3865 1391 3918 13
1407 3862 1441 3929 ntl

309 3957 338 4006 et
355 3952 392 4006 Μ
464 3954 496 4007 14
514 3953 639 4007 homines
663 3958 690 4018 (e
708 3971 742 4008 ex
759 3959 842 4021 coir.)
862 3952 892 4006 F
963 3955 995 4008 16
1020 3954 1238 4017 conuentionum,
1257 3958 1323 4009 Μ
1341 3968 1441 4009 conuen-

307 4041 411 4095 tionem
429 4040 457 4095 P
520 4044 552 4095 17
572 4044 770 4113 contempsisti,
789 4058 857 4099 corr.
880 4040 984 4109 (Μὲ)
1004 4043 1206 4113 contempsistis
1225 4042 1253 4095 P
1315 4042 1348 4097 20
1365 4040 1441 4107 deos,

309 4134 374 4182 na2
392 4129 490 4185 dicatis
508 4131 537 4185 P
604 4131 740 4185 insaenire
760 4148 779 4184 o
798 4132 903 4185 saeuire
922 4136 981 4185 cett.
1001 4130 1061 4185 edd.
1077 4137 1229 4199 proeterm
1301 4134 1334 4185 21
1352 4128 1442 4196 collega

311 4222 385 4285 qm.2
403 4218 549 4288 collegam}
564 4244 579 4269 ο
590 4221 635 4289 qui
652 4224 678 4284 (e
698 4225 779 4285 eros.)
799 4220 826 4273 P
887 4219 922 4273 22
942 4220 1034 4273 audire
1053 4218 1143 4273 MFA
1205 4222 1242 4274 24
1260 4219 1351 4274 andire
1368 4216 1441 4270 ΜΗ

347 4306 418 4375 quod
438 4308 476 4360 eis
495 4324 549 4361 non
568 4311 678 4377 poterat
696 4308 746 4372 dos,
762 4310 880 4362 alteram
899 4308 950 4363 dcl.
964 4326 999 4363 m.
1014 4316 1046 4362 ct
1063 4309 1121 4363 uid.
1137 4312 1152 4361 1
1166 4309 1194 4361 P
1242 4311 1276 4365 26
1290 4305 1441 4363 anenerstd

309 4393 460 4447 aduenerat
476 4395 542 4449 ΜΕ
592 4397 627 4450 27
647 4398 816 4467 coepiscopis
834 4398 861 4450 A
