3092 5217
267 455 333 518 504
618 451 645 505 S.
672 450 811 504 Aureli
838 451 1057 522 Augustini

267 645 330 710 iam
359 665 460 711 nouae
493 647 621 731 liuguae
654 649 815 730 parentur.
847 645 965 730 quibus
996 645 1115 712 idcirco
1147 647 1294 711 homines
1322 646 1412 710 huius
1519 694 1520 697 ι

269 753 389 818 saeculi
418 753 520 818 adhuc
554 755 602 819 uti
631 773 691 820 nou
723 755 811 831 licet,
844 756 882 819 ut
912 754 976 818 iam
1009 754 1060 818 his
1093 753 1212 838 gloriae
1245 773 1323 818 snae
1346 772 1413 817 con-

270 861 456 944 gruentibus
497 861 681 927 inmortales
727 863 907 944 loquantur,
953 860 993 926 de
1033 861 1150 943 quihus
1191 861 1314 926 dictum
1355 863 1415 924 est:

268 967 428 1032 Etenim
458 969 694 1033 clamabunt
722 971 760 1032 at
793 969 977 1052 hymnum
1005 968 1146 1032 dicent
1178 969 1289 1050 procul
1322 967 1418 1030 dubio

270 1073 301 1136 in
322 1073 525 1152 caelestibus,
545 1075 599 1139 ubi
620 1093 705 1140 oum
726 1075 885 1140 domino
906 1079 1024 1140 erunt
1041 1078 1081 1139 et
1099 1073 1421 1138 delectabuntur
1446 1093 1456 1131 s

270 1177 308 1242 in
350 1178 602 1246 abundantis
642 1182 756 1265 pacis
799 1180 974 1264 gaudentes
1015 1179 1046 1245 in
1088 1183 1260 1263 conspectu
1304 1181 1421 1256 throni,

271 1284 436 1350 mittentes
464 1290 536 1349 ante
563 1285 661 1368 pedes
688 1286 762 1370 agni
789 1289 913 1370 pateras
942 1288 975 1350 et
996 1304 1127 1350 coronas
1150 1288 1184 1350 et
1204 1289 1371 1351 cantantes
1395 1286 1421 1351 ei

272 1389 431 1454 canticum
449 1409 569 1456 nouum
588 1392 751 1478 adgregati
771 1391 876 1456 choris
899 1391 1095 1475 angelorum,
1115 1391 1289 1469 Virtutum,
1313 1391 1422 1456 Domi·

273 1496 449 1576 nationum,
468 1497 675 1577 Thronornm,
695 1503 731 1563 ut
751 1503 784 1564 et
800 1499 864 1582 ipsi
883 1517 955 1564 cnm
976 1498 1135 1564 Cherubin
1154 1502 1249 1581 atque
1268 1498 1421 1581 Seraphin

274 1606 475 1686 etquattuor
498 1605 563 1669 illis
588 1605 778 1671 animalibus
802 1624 883 1671 noce
905 1607 1060 1688 perpetua
1082 1605 1283 1670 concinentes
1303 1604 1422 1669 dicant:
1438 1623 1462 1660 ιο
1520 1608 1521 1613 ’

274 1708 461 1788 Sanctus,
497 1716 679 1791 sanctus,
708 1715 878 1778 sauctus
907 1711 1093 1777 dominus
1122 1711 1220 1776 ciens
1249 1710 1421 1777 sabaoth

274 1820 306 1881 et
331 1817 459 1900 reliqua,
486 1837 565 1901 qnae
589 1819 682 1885 nosti.
1296 1869 1299 1876 -

232 1921 249 1986 7
319 1924 389 1990 Hoc
418 1929 468 1990 est
496 1945 582 2009 ergo,
616 1927 702 2009 quod
729 1945 849 2011 egenus
878 1930 912 1992 et
942 1945 1062 2010 pauper
1094 1945 1153 2010 ego
1184 1924 1239 1989 ille
1269 1923 1424 2005 insipiens

275 2033 309 2094 et
339 2031 494 2112 paruulus
526 2037 614 2111 tuus,
647 2052 741 2116 quem
774 2038 812 2099 ut
842 2052 937 2099 uerus
976 2033 1103 2116 sapiens
1137 2031 1217 2096 ferre
1249 2030 1424 2108 consuesti,

275 2157 363 2220 rogo,
387 2142 426 2202 ut
448 2158 499 2204 me
523 2139 687 2205 scientiam
711 2141 765 2204 uel
784 2139 964 2223 opinionem
988 2157 1084 2222 super
1106 2139 1167 2203 hoc
1189 2143 1279 2202 tuam
1299 2137 1425 2212 doceas,
1442 2157 1464 2198 rs

277 2246 352 2328 quia
380 2247 446 2312 scio
474 2250 506 2312 te
539 2247 762 2313 inluminatum
791 2247 907 2331 spiritu
938 2244 1144 2311 reuelationis
1176 2245 1215 2309 ab
1247 2244 1319 2327 ipso
1349 2243 1426 2307 duce

278 2355 310 2417 et
323 2353 411 2418 fonte
426 2353 627 2436 sapientium,
647 2357 693 2433 ut,
715 2355 800 2418 sicut
818 2354 989 2435 praeterita
1003 2351 1183 2436 cognonisti
1198 2354 1230 2415 et
1247 2351 1428 2432 praesentia

276 2457 379 2537 uides,
413 2459 459 2524 ita
491 2460 587 2524 etiam
616 2460 654 2524 de
686 2461 804 2525 intruis
837 2459 997 2536 aestimes,
1032 2457 1109 2541 qnid
1140 2475 1270 2522 censeas
1307 2456 1348 2522 de
1379 2457 1427 2521 his

278 2566 465 2631 caelestium
492 2571 707 2631 creaturarum
734 2568 788 2632 uel
815 2567 912 2632 etiam
939 2583 1035 2649 super
1061 2564 1165 2630 coelos
1192 2563 1224 2628 in
1253 2567 1427 2647 conspectu

279 2671 429 2736 altissimi
448 2673 611 2757 agentium
630 2675 764 2740 uocibus
784 2673 996 2756 sempiternis,
1020 2672 1137 2754 quibus
1155 2671 1283 2736 taudem
1302 2669 1428 2754 organis
1442 2690 1466 2731 so

280 2780 503 2862 exprimantur.
529 2782 706 2862 quamlibet
730 2783 813 2848 euim
837 2784 1002 2864 apostolus
1026 2779 1173 2844 dicendo:
1203 2778 1243 2844 si
1270 2778 1427 2862 linguis

281 2887 518 2970 angelorum
552 2889 697 2971 loquar
729 2888 891 2973 proprium
920 2886 1077 2970 quendam
1099 2886 1174 2950 illos
1198 2903 1275 2949 suae
1298 2890 1427 2948 natiuae

279 2993 344 3071 uel,
368 2997 405 3058 ut
427 2993 472 3058 ita
496 2993 638 3072 dixerim,
667 2996 771 3080 gentis
800 2995 915 3060 habere
943 3011 1118 3059 sermonem
1143 2991 1321 3057 ostenderit
1342 2995 1427 3056 tanto

281 3099 427 3165 humanis
452 3102 597 3166 sensibus
618 3087 810 3184 et'eloquiis
834 3102 989 3179 altiorem,
1014 3103 1133 3183 quanto
1155 3099 1226 3182 ipsa
1244 3099 1427 3181 angelorum

282 3209 426 3271 creature
468 3211 500 3272 et
542 3209 638 3272 statio
682 3207 871 3272 mortalibus
908 3207 1022 3272 incolis
1060 3209 1092 3270 et
1128 3203 1262 3269 terrenis
1299 3203 1428 3269 sedibus
1444 3223 1466 3262 ss

371 3415 450 3471 4Ps.
471 3417 514 3483 ol,
535 3416 568 3469 14
624 3415 1077 3481 51Thess.4.1s;Ps.so,11
1148 3413 1267 3483 iihpoc.
1284 3413 1314 3470 4.
1333 3414 1364 3476 6,
1384 3412 1426 3474 10;

283 3504 346 3566 5‚9
418 3504 511 3560 8001.
534 3508 555 3568 l,
577 3507 609 3560 16
700 3505 781 3560 ahs.
800 3505 826 3568 6,
845 3505 928 3568 2-3;
947 3504 1031 3574 Apoc.
1051 3502 1113 3565 4,ss
1198 3502 1230 3556 16
1249 3501 1318 3570 Eph.
1339 3501 1365 3565 1,
1384 3501 1426 3559 173

285 3595 347 3663 Sap.
368 3595 392 3656 7,
414 3595 458 3660 15;
479 3594 558 3648 Pron.
581 3595 621 3658 18,
640 3597 670 3659 43
690 3593 772 3648 Eccli.
793 3595 853 3661 1,o
927 3594 959 3648 17
979 3593 1041 3662 Sep.
1061 3591 1124 3654 8,8
1185 3589 1425 3652 211001.13,1

322 3739 486 3808 lparantur
508 3737 563 3792 VU
579 3737 638 3791 eald.
711 3735 865 3789 hominibus
888 3733 944 3789 VU
960 3733 1020 3789 edd.
1112 3731 1251 3788 3dictum
1270 3733 1313 3784 est
1330 3727 1428 3783 etenim

285 3827 474 3890 Muellerum
491 3830 557 3883 m.2
576 3825 626 3879 ciel.
645 3825 683 3879 Ρι
720 3827 883 3880 lcanentes
906 3821 962 3878 VU
978 3821 1038 3877 eda.
1080 3821 1218 3876 8chroris
1237 3836 1271 3874 es
1286 3815 1429 3873 thronisP

285 3917 302 3969 9
320 3921 413 3970 tronos
432 3916 469 3969 P²
578 3915 709 3969 cherubin
733 3918 815 3984 etque
839 3917 895 3982 (pr.
915 3929 930 3966 s
948 3929 1009 3982 exp.
1028 3929 1062 3966 aa.
1080 3917 1114 3964 ut
1130 3909 1190 3965 uid.
1210 3913 1236 3976 1)
1259 3907 1386 3977 seraphin
1402 3903 1430 3958 E

287 4003 432 4059 Cherubim
452 4008 481 4060 et
500 4005 640 4076 Seraphim
659 4005 716 4059 lar
735 4002 882 4058 Cherubim
901 4006 984 4071 atque
1003 3999 1181 4069 Seraphimm
1237 3997 1270 4051 io
1289 4012 1355 4050 uoce
1372 4011 1427 4064 per.

286 4101 370 4165 petua
388 4097 561 4150 concinentes
580 4111 631 4150 om.
651 4092 816 4148 P¹VUlsr
863 4093 896 4146 14
915 4090 1046 4146 censuisti
1059 4088 1116 4142 PE
1161 4087 1194 4141 18
1214 4086 1352 4154 aestimes]
1367 4080 1428 4153 quid

288 4186 415 4238 aestimes
440 4184 495 4238 Vo'
512 4186 568 4239 lar
631 4184 665 4238 20
689 4183 813 4252 gentium
831 4181 887 4234 PE
948 4181 982 4235 21
1003 4177 1127 4249 quamuis
1150 4175 1284 4230 voees
1349 4173 1383 4226 23
1400 4174 1428 4222 ut

288 4289 338 4327 om.
358 4273 415 4328 PE
466 4276 562 4344 gentes
576 4272 633 4327 PE
680 4273 715 4326 24
734 4271 833 4325 altiore
846 4270 877 4325 Ε
924 4270 958 4324 25
978 4271 1007 4322 et
1024 4267 1108 4321 statio
1126 4265 1268 4319 mortalius
1286 4261 1381 4316 incolis
1392 4258 1428 4312 1²¹

290 4367 318 4415 et
336 4364 419 4416 statio
438 4361 599 4416 mortalibus
618 4363 645 4414 in
666 4360 747 4414 caelis
771 4359 867 4413 VUla
884 4357 1045 4412 mortalibus
1064 4359 1093 4409 et
1110 4354 1194 4408 statio
1212 4355 1242 4406 iu
1261 4351 1341 4406 caelis
1358 4365 1374 4402 r
