3092 5217
253 514 318 581 446
636 514 663 567 S.
690 513 828 568 Aureli
856 514 1072 585 Augustini

251 710 347 775 modo
378 710 495 775 mutari
526 710 558 773 iu
591 709 707 774 melius
736 710 923 793 cogitarent,
951 711 1012 775 uisi
1040 712 1100 775 hoc
1123 714 1241 776 terrore
1264 711 1401 794 perculsi

253 815 424 881 sollicitam
455 820 594 882 mentem
627 818 667 881 ad
699 816 982 882 considerationem
1014 818 1158 883 ueritatis
1195 818 1401 895 intenderent,

252 943 291 987 ue
314 924 405 1001 forte,
431 925 458 988 si
481 944 542 989 uou
567 945 622 1008 pro
641 925 766 989 iustitia
786 927 842 990 sed
860 945 916 1009 pro
935 926 1144 1008 peruersitate
1165 928 1197 989 et
1219 946 1402 1009 praesump-

252 1029 337 1094 tione
374 1031 539 1095 hominum
575 1033 662 1114 ipsas
698 1033 890 1115 temporales
929 1033 1093 1097 molestias
1135 1032 1335 1097 infructuose
1373 1037 1404 1095 et

252 1155 334 1200 uana
357 1138 524 1202 tolerantia
546 1140 738 1220 paterentur,
763 1138 848 1222 apud
873 1139 967 1204 deum
990 1142 1103 1222 postea
1132 1158 1194 1205 uon
1221 1139 1402 1203 inuenirent
1433 1163 1444 1201 a

253 1243 315 1307 nisi
339 1242 462 1308 debitas
486 1262 603 1327 poenes
626 1244 808 1328 impiorum,
833 1246 887 1329 qui
911 1246 980 1311 eius
1004 1250 1068 1310 tam
1091 1246 1195 1310 leuem
1215 1244 1406 1309 admonitio-

252 1369 324 1414 nem
350 1353 381 1414 et
404 1354 532 1432 paterna
554 1351 680 1434 flagella
704 1353 962 1434 contempserint,
987 1372 1023 1417 ac
1048 1353 1094 1416 sic
1115 1353 1180 1417 ista
1210 1353 1404 1436 cogitatione

253 1456 372 1521 dociles
408 1457 485 1521 iacti
521 1477 581 1522 non
619 1458 651 1521 in
685 1458 853 1522 calumniis
886 1461 917 1522 et
949 1459 1067 1523 fabulis
1101 1460 1247 1523 humanis
1282 1458 1341 1524 sed
1373 1458 1404 1522 in

253 1563 370 1628 diuinis
403 1564 492 1628 libris
526 1564 712 1647 promissam
746 1584 803 1646 per
830 1584 939 1631 omues
968 1568 1077 1649 gentes
1101 1566 1281 1630 inuenirent
1305 1566 1405 1629 ecole-

253 1669 342 1745 siam,
367 1690 461 1753 quam
486 1670 554 1735 suis
578 1670 679 1735 oeulis
704 1671 792 1736 reddi
817 1672 1044 1754 conspicerent,
1067 1672 1099 1735 in
1123 1672 1238 1753 quibus
1261 1674 1296 1735 et
1316 1670 1405 1736 Chri·
1425 1699 1446 1733 a

254 1779 340 1840 stum
375 1778 631 1860 praenuntiatum
669 1780 765 1841 etiarn
803 1798 863 1843 non
901 1778 1007 1843 uisum
1047 1798 1142 1862 super
1182 1779 1289 1843 caelos
1333 1796 1404 1842 esse

252 1884 382 1947 minime
407 1882 597 1949 dubitarent.
622 1904 696 1948 num
723 1884 872 1966 quidnam
898 1904 955 1969 ego
979 1885 1115 1950 ist-orum
1140 1885 1242 1949 saluti*
1258 1884 1405 1948 inuidere

253 1990 417 2066 debebam,
441 1994 478 2053 ut
501 1992 641 2075 collegas
665 2010 753 2056 meos
778 1992 816 2056 ab
840 1991 936 2055 huius
965 1992 1050 2056 modi
1077 1995 1206 2074 patema
1234 1991 1404 2074 diligentia

251 2116 443 2172 reuocareur,
472 2118 528 2179 per
555 2118 648 2179 quam
677 2099 799 2163 factum
828 2102 888 2177 est,
916 2102 953 2163 ut
976 2100 1095 2163 multos
1119 2098 1286 2163 uideamus
1312 2116 1405 2161 aceu-

252 2222 321 2267 sare
358 2222 449 2267 suam
489 2204 655 2286 pristinam
698 2206 905 2270 caecitatem?
948 2206 1001 2289 qui
1043 2224 1116 2269 earm
1158 2224 1254 2288 super
1296 2204 1404 2269 caelos
1423 2230 1444 2267 n

253 2311 424 2374 exaltatum
457 2310 619 2375 Christum
651 2311 747 2376 etiam
780 2330 841 2377 uon
874 2312 1018 2377 uidentes
1052 2312 1229 2390 credebant,
1267 2312 1404 2395 gloriam

251 2421 357 2481 tamen
390 2416 460 2480 eius
493 2437 588 2500 srrper·
620 2437 745 2481 omnem
778 2422 892 2482 terram
928 2419 1023 2483 etiam
1054 2418 1200 2483 uidentes
1232 2418 1402 2501 negabant,

252 2543 325 2588 cum
357 2525 512 2608 propheta
543 2526 715 2607 utrumque
749 2544 812 2589 una
844 2525 1002 2590 sententia
1029 2528 1118 2590 tanta
1144 2525 1403 2589 manifestatione

252 2629 435 2714 complexus
459 2631 504 2695 sit
526 2631 648 2695 dicens:
678 2632 868 2696 Exultare
897 2651 1018 2715 super
1048 2612 1202 2710 caelos,
1225 2632 1334 2709 deus,
1366 2635 1404 2695 et

253 2756 374 2820 super
397 2757 547 2803 omnem
572 2741 720 2802 terram
744 2738 878 2823 gloria
902 2744 979 2803 tua.
1420 2763 1444 2800 20

206 2840 227 2901 2
295 2845 380 2910 Istos
418 2864 492 2928 ergo
530 2848 653 2909 atroces
692 2846 850 2928 qnondam
887 2846 1032 2911 inimicos
1067 2850 1192 2912 nostros
1224 2866 1336 2928 paoem
1372 2850 1403 2909 et

252 2951 391 3033 quiatem
414 2955 552 3015 nostram
577 2952 675 3016 uariis
703 2952 926 3017 uiolentiarum
956 2956 989 3017 et
1015 2954 1202 3018 insidiarum
1231 2953 1403 3037 generibus

216 3141 221 3151 .
252 3058 392 3140 grauiter
418 3058 604 3122 infestantes
633 3060 661 3123 si
689 3061 735 3123 sic
763 3062 1036 3125 contemneremus
1065 3065 1098 3123 et
1119 3060 1340 3134 toleraremus,
1366 3066 1402 3122 ut

251 3163 332 3227 nibil
363 3164 500 3240 omuino,
534 3165 619 3247 quod
653 3166 692 3229 ad
724 3183 778 3230 eos
806 3166 966 3230 terrendos
996 3185 1032 3231 ac
1062 3166 1263 3251 conigendos
1293 3168 1402 3230 ualere

250 3273 371 3351 posset,
395 3271 628 3354 excogitaretur
651 3275 684 3336 et
706 3275 893 3354 argueretur
915 3292 933 3337 a
955 3273 1057 3349 nobis,
1086 3292 1161 3337 uere
1189 3275 1308 3337 malurn
1343 3292 1400 3356 pro
1419 3296 1443 3333 aa

250 3376 333 3441 malo
361 3377 573 3443 redderemus.
608 3378 636 3442 si
663 3379 747 3443 euim
777 3380 945 3462 quisquam
968 3379 1132 3443 inimicum
1158 3398 1252 3443 snum
1275 3380 1401 3461 pericu-

343 3638 375 3690 19
393 3637 438 3690 Ps.
461 3638 519 3701 101,
539 3641 555 3689 o

286 3796 303 3847 3
322 3797 344 3849 si
364 3813 416 3852 om.
434 3796 550 3850 MACP
568 3798 644 3865 (odd.
664 3815 698 3855 ro.
710 3803 737 3851 2:
794 3800 932 3858 uersitatc.
952 3816 1019 3855 corr.
1041 3799 1146 3868 (anit)
1164 3800 1345 3869 peruersitate
1365 3799 1401 3851 Μ

250 3885 268 3937 6
287 3884 340 3937 uisi
360 3886 399 3950 (ni
418 3902 451 3938 ecc
468 3902 525 3939 rua.
544 3891 569 3939 et
588 3903 655 3939 corr.
675 3890 753 3952 aa.2;
765 3888 863 3955 saitae
881 3886 948 3953 lre?)
966 3888 1003 3941 Μ
1063 3888 1077 3941 7
1097 3888 1156 3957 ipsa
1175 3888 1203 3941 R
1265 3888 1281 3940 9
1301 3893 1398 3957 gentes

251 3974 631 4042 om.,irrorarq.m.2odd
657 3975 683 4027 L
726 3977 757 4029 13
778 3975 936 4029 debeamA
979 3978 1011 4030 15
1032 3994 1091 4030 cum
1111 3977 1207 4030 ornL
1244 3977 1398 4031 alie-otas

252 4063 318 4125 (rua.
337 4061 457 4128 1—21.)
478 4063 513 4113 M
591 4066 697 4116 nostros
717 4081 778 4129 om,
796 4068 861 4119 aa?
881 4066 944 4118 add.
964 4065 990 4117 L
1062 4066 1096 4119 23
1115 4066 1247 4135 grauiter]
1268 4065 1398 4135 grauibus

250 4149 373 4217 grauiter
390 4150 430 4202 eri.
450 4150 539 4219 Migo.
613 4157 862 4221 contempucrcnrus
882 4159 910 4207 ct
929 4155 1073 4207 toleremus
1093 4154 1189 4219 (aest
1208 4170 1277 4209 corr.
1296 4154 1397 4207 tolera-

251 4241 350 4300 remus)
370 4238 407 4291 Μ
423 4240 647 4292 eoutcuruerimus
667 4244 695 4291 et
712 4241 858 4294 toleramus
878 4242 903 4294 A
959 4243 1119 4295 eromuino
1140 4244 1180 4296 lais
1203 4245 1226 4295 t’
1297 4258 1326 4295 ac
1344 4258 1397 4295 om.

251 4324 342 4379 ΜΔΕ
414 4327 621 4393 corrigendosue
639 4329 667 4383 R
757 4331 791 4384 25
811 4334 970 4399 argueretur
986 4331 1023 4384 Μ
1040 4332 1105 4401 (raa
1125 4336 1261 4400 ageretur)
1281 4332 1398 4396 R(nr-.1

250 4429 339 4482 arrpra
356 4415 369 4467 l
388 4416 526 4486 ageretur)
545 4420 671 4486 ageretur
689 4418 716 4470 L
735 4418 827 4472 elam
847 4420 997 4488 agitaretur
1010 4420 1033 4487 f
1095 4438 1187 4475 uerum
1201 4422 1239 4475 Μ
1251 4425 1279 4474 et
1294 4438 1356 4475 uere
1372 4422 1399 4473 P
