3092 5217
304 514 368 577 406
661 511 688 563 S.
715 509 854 563 Aureli
882 508 1102 579 Augustini

304 706 363 771 hoc
387 706 469 769 enim
494 704 727 769 obseruandum
751 708 802 770 est
824 704 856 769 in
879 704 929 769 his
954 706 1059 785 rebus,
1084 704 1169 789 quod
1188 705 1335 769 obseruat
1353 706 1440 769 eccle-

306 814 355 877 sia
377 813 437 878 dei.

253 910 293 972 10
348 918 517 999 Quaeritur
548 920 666 996 antam,
698 922 807 982 utrum
836 922 944 983 uestra
972 936 1009 981 arr
1038 921 1146 983 nostra
1168 918 1212 982 sit
1234 919 1366 983 ecclesia
1387 918 1441 982 dei.

304 1029 493 1109 quapropter
515 1023 597 1089 illud
620 1023 836 1107 quaerendum
863 1026 913 1089 est
936 1044 954 1088 a
978 1024 1091 1106 capite,
1123 1043 1178 1089 cur
1206 1025 1343 1090 schisma
1369 1026 1442 1091 leco-

303 1131 383 1198 ritis.
423 1132 451 1197 si
483 1150 543 1197 non
576 1130 787 1213 rescripseris,
822 1149 880 1215 ego
914 1130 998 1213 apud
1029 1131 1134 1208 deum,
1168 1134 1319 1215 quantum
1347 1132 1478 1196 credor

302 1238 428 1304 facilem
453 1257 582 1302 causam
604 1236 716 1314 habeo,
740 1236 816 1319 quia
838 1238 918 1316 uiro,
942 1257 1037 1320 quem
1061 1238 1171 1302 audiui
1194 1242 1322 1321 excepto
1352 1238 1443 1303 schis-

303 1348 387 1410 mate
425 1344 544 1411 bonnm
581 1346 614 1407 et
648 1343 824 1408 liberaliter
859 1343 1063 1422 instructum,
1093 1343 1296 1427 pacificantes
1327 1345 1443 1410 litteras

302 1451 387 1516 misi.
423 1454 461 1515 tu
493 1451 622 1528 uideris,
656 1451 732 1533 quid
764 1450 814 1515 illi
841 1450 1046 1535 respondeas,
1075 1452 1167 1516 cuius
1191 1471 1272 1515 nunc
1294 1450 1443 1516 laudanda

301 1557 465 1639 patientia,
488 1558 521 1622 in
544 1556 605 1622 fine
628 1576 704 1622 uero
728 1556 869 1622 timenda
890 1557 1046 1622 sententia
1065 1560 1124 1624 est.
1149 1558 1176 1621 si
1196 1562 1301 1623 autem
1320 1560 1442 1639 rescrip-

303 1664 381 1729 seris
414 1683 451 1728 ea
484 1683 569 1741 cura,
598 1684 661 1747 qua
687 1664 747 1729 tihi
781 1664 933 1748 scriptum
967 1664 1070 1739 uides,
1104 1662 1206 1729 aderit
1236 1663 1442 1729 misericordia
1458 1683 1478 1718 rr·

302 1771 364 1849 dei,
397 1774 434 1835 ut
465 1770 635 1852 aliquando
668 1790 762 1843 error,
796 1771 849 1854 qui
878 1790 937 1835 nos
966 1770 1096 1849 dirimit,
1126 1775 1158 1835 et
1182 1788 1286 1835 amore
1309 1772 1394 1853 pacis
1416 1776 1443 1834 et

302 1878 422 1943 ratione
461 1877 603 1942 ueritatis
639 1877 784 1942 intereat.
822 1881 991 1955 memento,
1027 1876 1110 1959 quod
1147 1877 1186 1942 de
1213 1876 1442 1961 Rogatonsihns

302 2002 363 2049 non
387 1983 528 2061 dixerim,
554 1984 608 2066 qui
632 2003 691 2049 uos
714 1983 891 2049 Firmianos
915 1984 1073 2067 appellare
1097 1983 1254 2058 dicuutur,
1283 1984 1367 2049 sicut
1392 2002 1442 2049 ros

302 2089 499 2155 Macerionos
528 2090 706 2173 appellatis,
735 2110 836 2172 neque
865 2091 903 2155 de
927 2090 1134 2155 Rusioazensi
1157 2090 1304 2173 episcopo
1333 2093 1441 2163 uestro,

302 2196 453 2278 quicum
477 2194 583 2261 Firmo
611 2199 725 2279 paetus
752 2196 937 2280 perhibetur
964 2197 1218 2262 incolumitatem
1246 2215 1385 2271 suorum
1412 2198 1442 2259 ut
1458 2214 1477 2253 o

302 2303 331 2365 ei
363 2307 471 2385 portae
503 2302 700 2384 aperirentur
732 2306 765 2367 et
796 2302 826 2367 in
860 2304 1074 2368 uastationem
1107 2303 1256 2368 darentur
1292 2302 1440 2367 catholici.

302 2411 336 2473 et
358 2408 420 2474 alie
442 2408 695 2475 innumerabilia.
720 2409 828 2475 desine
857 2428 930 2493 ergo
958 2409 1038 2475 loois
1066 2408 1288 2473 communibus
1321 2426 1440 2491 exagge-

302 2534 369 2579 rare
392 2515 477 2579 facta
500 2515 664 2580 hominum
688 2517 742 2581 uel
765 2516 875 2580 audita
897 2516 949 2581 uel
973 2517 1110 2600 cognita.
1134 2514 1227 2579 uides
1251 2514 1346 2592 enim,
1369 2532 1440 2596 quae

303 2622 341 2686 de
373 2622 490 2686 uestris
522 2625 655 2701 taceam,
684 2626 721 2687 ut
748 2624 787 2687 de
816 2622 936 2707 origine
964 2624 1157 2701 schismatis,
1186 2621 1241 2687 ubi
1265 2624 1333 2687 tota
1355 2638 1440 2685 causa

303 2732 361 2806 est,
399 2748 448 2793 res
485 2732 608 2814 agatur.
646 2730 795 2796 dominus
833 2729 911 2795 deus
949 2730 1084 2812 inspiret
1123 2728 1183 2793 tihi
1224 2726 1439 2812 cogitationen
1455 2750 1476 2783 o

302 2836 476 2919 pacificam,
501 2836 719 2902 desiderabilis
745 2841 778 2902 et
801 2837 916 2903 dilecte
941 2837 1047 2901 frater.
1073 2856 1172 2901 amen.

339 3027 416 3079 lest
434 3042 484 3081 om.
503 3026 541 3079 Μ
611 3028 637 3081 in
657 3026 700 3080 his
718 3044 770 3081 ono.
791 3030 817 3081 A
872 3026 953 3081 3dsi
972 3044 1025 3083 one.
1046 3031 1070 3079 A
1120 3027 1221 3095 dquia
1240 3029 1351 3094 proptor
1367 3024 1439 3078 FPR

302 3116 396 3183 {ocgo}
412 3119 513 3183 ergoA
569 3121 699 3185 quantum
715 3114 794 3169 credo
808 3117 840 3169 in
849 3116 909 3185 fine
921 3132 947 3168 u.
963 3114 1053 3171 om.R
1089 3116 1184 3169 duero
1199 3117 1224 3168 A
1264 3114 1438 3167 'linfructrrnr¹

301 3208 367 3257 Μ
383 3204 544 3258 instructum
563 3205 598 3258 M
665 3205 775 3273 8quod
793 3206 820 3257 A
889 3204 922 3259 10
941 3204 1030 3258 aderit
1048 3204 1090 3259 bio
1108 3204 1197 3259 MFA
1269 3202 1439 3257 lanterna

301 3291 391 3346 MFA
475 3292 674 3348 Rucateneihus
692 3295 749 3362 sio*
840 3294 873 3348 13
892 3310 941 3347 nos
959 3294 986 3345 A
1072 3294 1196 3347 firmanos
1215 3292 1244 3347 R
1326 3291 1401 3347 nenti
1416 3288 1442 3342 F

304 3383 337 3435 14
355 3381 488 3436 rulatensi
505 3381 534 3436 R
552 3382 699 3437 Rucatensi
711 3383 811 3453 slrm
883 3385 1034 3436 uestrorum
1055 3385 1080 3436 A
1138 3383 1170 3437 15
1189 3381 1278 3435 lectus
1296 3386 1318 3433 ,d
1372 3380 1402 3433 li
1416 3387 1439 3429 ot

302 3487 335 3523 ear
353 3473 385 3523 nt
402 3471 516 3524 nnlM
569 3472 599 3525 21
621 3472 732 3542 paci·(s
751 3472 940 3543 erae.)]ficam
964 3474 985 3522 rt
1059 3487 1137 3524 nmen
1156 3487 1207 3525 ono.
1227 3470 1255 3525 R
1275 3469 1334 3525 edd.
