3092 5217
301 497 365 561 476
655 495 682 548 S,
711 494 847 548 Aureli
873 494 1092 563 Augustini

301 690 450 768 potest,
469 685 621 752 uidentur
638 686 670 750 in
689 686 883 771 Apocalypsi
901 705 945 750 er
973 687 1077 752 omui
1103 686 1216 753 tribu
1247 693 1288 751 et
1308 687 1436 771 lingua

302 793 339 857 in
373 793 498 860 stolis
532 792 638 858 albis
671 793 904 876 palmisque
937 794 1136 860 uictricibus.
1172 793 1246 877 ipsa
1277 799 1337 862 oet
1366 815 1436 878 quae
1512 770 1513 785 ἵ

302 898 471 982 aliquando
509 899 698 964 obscuratur
734 904 768 965 et
803 905 969 984 tamquam
1001 900 1208 967 obnubilatur
1244 900 1438 966 multitudiue

303 1005 535 1082 scandalorum,
565 1005 689 1088 quando
712 1008 956 1089 peccatores
983 1007 1206 1073 intendunt
1233 1026 1376 1085 arcum,
1400 1014 1438 1072 ut

302 1112 509 1196 sagittent
535 1113 573 1178 in
604 1113 779 1180 obscura
810 1115 906 1179 luua
932 1119 1069 1180 rectos
1097 1113 1234 1188 corder
1268 1113 1325 1178 sed
1352 1114 1471 1178 etiamr
1513 1164 1514 1169 ,

301 1223 377 1284 tunc
410 1219 441 1284 in
475 1219 558 1284 suis·
579 1220 775 1286 firmissimis
807 1221 935 1286 eminet.
958 1223 992 1286 et
1019 1221 1049 1286 ai
1074 1221 1183 1303 aliqua
1208 1219 1241 1284 in
1269 1219 1320 1284 bie
1343 1220 1438 1284 norbie

302 1326 419 1392 diuinis
448 1325 632 1394 distributio
664 1327 810 1392 facienda
841 1331 902 1404 est,
934 1327 1070 1394 fortasse
1101 1346 1164 1393 non
1187 1327 1307 1392 trustra
1328 1325 1437 1390 dietum

303 1435 347 1500 sit
379 1433 417 1500 de
450 1433 572 1499 semino
603 1435 762 1500 Abrahae:
796 1432 915 1500 Sicut
947 1434 1097 1500 stellae
1129 1434 1235 1500 caeli
1268 1439 1309 1497 et
1338 1432 1438 1498 eicut

300 1541 461 1620 harena,
494 1559 595 1623 quae
628 1546 691 1608 est
723 1541 906 1606 adoram
937 1541 1072 1618 marie,
1105 1543 1143 1605 ut
1171 1541 1205 1604 in
1238 1540 1342 1605 stellis
1369 1541 1439 1604 caeli
1514 1566 1515 1573 ι

301 1648 478 1728 pauciores,
502 1645 655 1714 firmiores
675 1647 886 1730 clarioresque
904 1647 1140 1731 intellegantur,
1158 1648 1191 1712 in
1209 1647 1326 1712 harena
1342 1651 1438 1712 autam
1454 1669 1473 1706 ιι

301 1754 452 1820 maritimi
474 1753 577 1820 litoris
600 1771 716 1838 magua
738 1753 913 1819 multitudo
935 1753 1131 1820 infirmorum
1150 1756 1245 1836 atque
1264 1753 1437 1829 carnalium,

301 1881 383 1942 quae
401 1860 569 1944 aliquando
588 1860 821 1942 tranquillitate
840 1861 994 1943 temporie
1014 1860 1123 1942 quieta
1140 1865 1174 1924 et
1189 1860 1292 1924 libera
1309 1865 1438 1943 apparet,
1515 1940 1516 1943 Ἴ

301 1967 469 2050 aliquando
509 1971 615 2034 autem
657 1967 901 2034 tribulationum
940 1973 973 2034 et
1007 1967 1256 2050 temptationum
1298 1966 1437 2031 fluetibus

301 2074 442 2158 operitur
464 2079 559 2157 atque
581 2073 740 2139 turbatur.

248 2175 287 2240 31
346 2179 421 2246 'lale
457 2183 534 2246 tunc
567 2182 633 2246 erat
669 2183 806 2263 tompus,
844 2179 884 2246 (le
917 2198 978 2263 quo
1016 2179 1145 2263 scripsit
1175 2178 1332 2255 Hilarius,
1365 2176 1437 2242 unde
1452 2199 1472 2238 c
1516 2188 1517 2237 ὲ

302 2287 423 2369 putasti
455 2287 669 2352 insidiandum
703 2291 813 2354 contra
842 2287 1027 2352 testimonia
1057 2290 1109 2352 tot
1135 2287 1253 2361 diuina,
1286 2289 1436 2367 tamquam
1516 2274 1517 2289 ³

301 2392 431 2476 perierit
462 2394 597 2460 ecclesia
630 2393 668 2460 de
701 2393 776 2460 orbe
800 2398 964 2460 terrarum.
1000 2397 1094 2477 potes
1130 2392 1190 2458 boc
1222 2391 1318 2458 modo
1345 2391 1437 2455 licere

301 2519 358 2566 nec
373 2504 422 2567 tot
440 2500 592 2566 ecclesias
608 2499 751 2566 Galatiae
770 2504 848 2566 tunc
862 2501 974 2579 fuisse,
989 2500 1113 2584 quando
1128 2499 1255 2565 dicebat
1268 2498 1436 2582 apostolus:

302 2605 328 2674 Ο
367 2606 492 2672 stulti
530 2607 713 2685 Galatae,
756 2607 848 2690 quis
885 2627 956 2674 uos
998 2606 1248 2673 laccinauit‘?
1281 2603 1435 2671 etzcum

301 2713 456 2797 spiritu
481 2715 721 2796 coeperitis,
745 2733 849 2780 nunc
872 2733 993 2780 corne
1016 2711 1373 2780 consummamini?
1394 2711 1472 2776 sica

302 2819 384 2884 enim
423 2819 627 2884 calumniaris
665 2818 758 2885 docto
796 2818 878 2895 uiro,
920 2820 975 2902 qui
1014 2816 1210 2884 tardicordes
1249 2822 1282 2884 et
1318 2815 1436 2882 timidos

303 2925 443 3010 grauiter
471 2925 663 3008 increpabat,
693 2945 772 3009 quoa
800 2927 918 2992 iterum
945 2925 1151 3010 parturiebat,
1178 2925 1279 2991 donec
1303 2924 1435 2990 Christus

303 3031 490 3098 formaretur
520 3031 553 3096 in
587 3032 643 3098 aia.
681 3033 753 3116 quis
787 3033 873 3098 enim
904 3032 1008 3098 nescit
1037 3031 1093 3098 illo
1130 3035 1273 3115 tempore
1304 3028 1435 3096 obscuris

304 3137 409 3203 uerbis
437 3137 557 3204 multos
585 3139 676 3222 parui
705 3159 820 3205 sensus
847 3139 950 3204 fuisse
978 3139 1118 3215 delusos,
1151 3141 1190 3203 ut
1214 3141 1360 3222 putarent
1382 3134 1434 3199 boo

303 3243 388 3309 credi
421 3245 459 3308 ab
491 3245 643 3322 Arrianis,
676 3244 761 3328 quod
794 3245 890 3311 etiam
921 3245 984 3328 ipsi
1017 3244 1197 3322 credebant,
1229 3243 1309 3308 alios
1339 3243 1434 3306 autem
1449 3263 1470 3303 a

391 3471 409 3524 4
427 3468 470 3522 Pa.
492 3469 569 3530 10,3
625 3469 659 3523 19
679 3467 738 3523 Gal.
759 3468 784 3531 8,
805 3470 833 3534 1;
853 3469 870 3524 3
925 3470 960 3524 22
980 3467 1040 3525 Gal.
1059 3470 1086 3530 4,
1107 3467 1141 3522 19

340 3595 353 3648 1
374 3593 511 3664 uidentur]
531 3609 600 3663 quae
618 3591 729 3648 uidetur
745 3593 781 3648 N
848 3610 879 3647 er
898 3593 1024 3647 omnibus
1042 3591 1167 3648 tribubus
1186 3596 1216 3646 et
1233 3593 1333 3663 lingaia
1349 3591 1376 3645 R
1389 3605 1433 3642 sor.

302 3699 374 3738 aocr.
394 3685 446 3739 litt.
526 3685 542 3738 2
561 3683 631 3738 albia
649 3683 813 3754 palmisque]
833 3683 911 3747 albia,
929 3683 962 3736 a'a
978 3699 1064 3752 neap.
1083 3687 1144 3736 erat
1164 3683 1231 3737 aad
1249 3682 1393 3754 palmisque
1408 3677 1435 3731 a*

304 3773 427 3844 albisque
444 3772 586 3828 MAOPR
604 3771 674 3828 albia
694 3773 776 3844 alque
789 3771 816 3826 L
869 3772 886 3826 8
904 3775 935 3826 et
951 3788 1003 3827 om,
1017 3772 1054 3826 Μ
1124 3771 1305 3827 obnebulatur
1320 3769 1352 3824 N
1364 3767 1433 3823 nubi·

303 3864 376 3918 latur
394 3864 420 3916 A
475 3861 602 3931 talique
619 3861 663 3915 bir
677 3861 715 3916 Μ
730 3862 759 3916 in
778 3860 870 3930 aliqua
887 3861 915 3916 in
934 3861 978 3914 his
993 3859 1019 3915 G
1034 3859 1154 3929 aliquam
1174 3865 1212 3924 (m
1230 3865 1302 3930 ap.)
1320 3860 1345 3913 in
1363 3857 1435 3912 bisP

304 3953 432 4008 9boram
451 3950 537 4006 MPL
579 3951 613 4004 10
630 3949 817 4019 firmioresque
835 3952 865 4003 at
882 3948 1009 4004 clariorea
1027 3948 1056 4004 R
1100 3948 1131 4003 11
1151 3949 1257 4003 lictoris
1274 3949 1311 4004 Μ
1350 3946 1433 4002 131ιὶ-

302 4041 479 4104 bulationem,
504 4055 572 4096 corr.
598 4044 658 4095 eal
683 4037 892 4092 tribulationum
913 4037 951 4090 Μ
1041 4039 1074 4092 lt
1097 4040 1218 4108 operitur
1240 4038 1260 4103 (i
1282 4055 1316 4093 aa
1336 4035 1433 4101 acolt

306 4132 338 4185 17
357 4129 611 4200 potes-apostolus
630 4143 682 4182 orra.
701 4129 727 4180 A
804 4129 897 4196 pateat
913 4125 951 4180 Μ
1022 4126 1055 4181 18
1073 4127 1158 4182 fuisse
1176 4129 1242 4181 tunc
1259 4127 1289 4182 R
1357 4126 1387 4180 19
1403 4129 1432 4178 et

304 4223 369 4273 m.2
386 4220 400 4272 l
418 4222 449 4273 ut
468 4219 493 4271 P
509 4223 540 4272 ut
559 4217 615 4272 AR
633 4217 694 4271 edd.
749 4215 784 4270 20
803 4215 930 4286 ceperitis
946 4214 1025 4270 ORL
1078 4217 1275 4270 conanmamini
1289 4212 1433 4270 ACPBLo

305 4307 530 4362 consummemini
549 4312 611 4361 cett.
630 4305 691 4361 edd.
790 4304 841 4375 aic]
859 4305 883 4359 ai
900 4303 930 4360 R
1020 4306 1053 4360 21
1073 4304 1146 4360 tardi
1165 4305 1259 4361 cordes
1277 4305 1338 4359 ΜΔ
1354 4301 1433 4358 tardos

307 4394 386 4450 corde
405 4395 459 4450 ΒΖ,
