3092 5217
260 516 323 580 604
609 512 636 565 S.
664 509 802 565 Aureli
830 506 1048 579 Augustini

259 706 369 783 uestri,
394 704 469 769 huic
493 704 548 768 uui
571 701 747 767 sententiae
766 699 976 785 respondeant
995 703 1036 775 ct,
1062 699 1101 763 ad
1120 698 1205 781 quod
1227 698 1402 775 uolueritis,

260 811 476 876 consentimus
513 808 616 872 uobis.
654 807 762 872 uidete
795 806 889 883 enim,
927 823 1021 887 quam
1058 818 1205 888 peruerse
1242 807 1276 869 st
1311 804 1404 887 impie

260 917 393 993 dicatur,
426 915 512 998 quod
540 915 643 980 dicere
671 914 793 990 soletis,
826 911 910 995 quia,
944 912 972 977 si
999 911 1102 977 bonus
1131 911 1174 975 sit
1201 910 1307 989 homo,
1338 910 1405 993 ipse

261 1022 439 1088 sanctificat
456 1041 540 1102 eum,
564 1039 660 1104 quem
681 1020 834 1103 baptizat,
858 1019 887 1085 si
911 1022 1017 1083 autem
1040 1018 1144 1081 malus
1168 1017 1211 1081 sit
1234 1020 1267 1081 et
1289 1016 1408 1081 nesciat

261 1131 326 1205 ille,
355 1129 410 1212 qui
438 1128 626 1211 baptizatur,
654 1130 731 1191 tuuc
755 1126 834 1191 deus
862 1123 1050 1190 sanctificat.
1078 1124 1138 1189 hoo
1163 1124 1192 1187 si
1213 1142 1326 1187 uerum
1349 1126 1407 1199 est,
1435 1148 1446 1184 r
1529 1124 1530 1177 ἰ

261 1239 369 1319 optare
393 1254 468 1320 ergo
492 1235 608 1300 debent
633 1234 788 1311 homines,
817 1237 854 1297 ut
878 1250 896 1295 a
918 1231 1010 1296 mulis
1033 1231 1187 1315 ignoretis
1212 1230 1409 1313 baptizentur
1529 1226 1530 1229 ’

261 1344 486 1425 potiusquam
511 1360 531 1404 a
552 1341 636 1407 notis
659 1340 762 1418 bouis,
790 1342 827 1403 ut
850 1338 952 1423 magis
977 1358 995 1402 a
1018 1337 1077 1402 deo
1102 1356 1195 1419 quam
1220 1336 1258 1401 ab
1285 1334 1409 1400 homine

261 1448 385 1531 possint
417 1447 616 1513 sanctificari.
649 1446 706 1511 sed
734 1446 819 1511 absit
847 1464 866 1509 a
898 1444 989 1510 nobis
1022 1445 1087 1509 ista
1113 1443 1282 1508 dementia.
1316 1460 1410 1525 quare

263 1576 337 1640 ergo
365 1576 427 1619 uon
455 1574 568 1620 uerum
592 1553 729 1618 dicimus
754 1556 787 1618 et
814 1556 900 1617 recte
928 1552 1082 1634 sopimus,
1111 1552 1187 1635 quia
1214 1569 1340 1634 semper
1362 1550 1410 1613 dei
1529 1536 1530 1619 f

264 1665 314 1727 est
348 1663 405 1726 illa
442 1660 544 1745 gratia
575 1664 607 1725 et
639 1661 690 1725 dei
727 1663 960 1724 sacramentum
998 1658 1134 1724 hominis
1168 1662 1275 1725 autem
1308 1658 1409 1722 solum
1429 1684 1451 1721 ιο
1529 1672 1530 1693 ³

263 1766 486 1846 ministerium,
510 1767 564 1850 qui
588 1766 615 1831 si
639 1767 742 1831 bouus
767 1769 827 1843 est,
856 1766 1006 1831 adhaeret
1029 1765 1086 1831 deo
1111 1768 1144 1830 et
1166 1768 1317 1848 operatur
1339 1783 1411 1829 cum
1529 1848 1530 1851 Ἴ

265 1875 334 1951 deo,
363 1873 390 1939 si
414 1877 521 1939 autem
549 1875 656 1937 malus
680 1875 740 1951 est,
769 1875 918 1956 operatur
944 1890 1001 1954 per
1027 1872 1120 1937 illum
1144 1872 1223 1937 deus
1252 1870 1430 1936 uisibilem,

264 1980 453 2044 sacramenti
472 1979 616 2053 formam,
635 1979 705 2061 ipse
723 1982 830 2044 autem
850 1980 946 2045 donat
964 1980 1158 2045 inuisibilem
1177 1979 1335 2063 gratiam?
1354 1976 1412 2041 hoc
1529 1986 1530 2035 l

266 2087 427 2169 sapiamus
451 2106 559 2152 omnes
583 2090 616 2151 et
638 2106 700 2151 uon
724 2086 844 2151 sintin
868 2086 958 2151 nobis
983 2087 1167 2152 schismata.
1529 2066 1530 2101 ἶ

132 2210 175 2273 pv
197 2204 242 2267 13
312 2193 506 2259 Concordate
538 2193 717 2271 uobiscum,
750 2194 878 2269 fratrem
917 2193 1082 2277 diligimus
1115 2212 1190 2268 uos3
1227 2192 1288 2256 hoc
1321 2190 1412 2255 uobis
1431 2216 1452 2255 o
1529 2212 1530 2265 l

266 2302 425 2377 uolumus,
450 2301 534 2383 quod
553 2305 585 2365 et
603 2302 706 2366 nobis.
731 2300 757 2366 si
779 2305 944 2384 propterea
961 2319 1019 2365 uos
1043 2300 1173 2383 grauius
1193 2298 1318 2373 odistis,
1342 2296 1415 2380 quia
1529 2306 1530 2383 j

267 2426 368 2472 errare
396 2426 455 2472 uos
479 2412 512 2472 et
537 2408 640 2489 perire
667 2426 731 2472 non
757 2407 985 2489 permittimus,
1014 2406 1074 2471 hoc
1098 2406 1155 2470 deo
1184 2405 1291 2480 dicite,
1320 2422 1413 2486 quem
1529 2402 1530 2451 ἴ

267 2515 418 2579 timemus
458 2514 632 2578 minantem
667 2514 762 2579 malis
804 2512 987 2598 pastoribus
1025 2516 1058 2577 et
1093 2512 1264 2577 dicentem:
1303 2507 1413 2589 Quod
1529 2520 1530 2535 ¹

267 2626 487 2697 cresceret,
516 2640 590 2686 non
623 2621 860 2687 reuocastis
899 2622 947 2697 et,
977 2620 1081 2701 quod
1117 2620 1307 2701 perierat,
1340 2635 1413 2682 non
1529 2640 1530 2699 r

268 2728 524 2810 inquisistis.
553 2728 614 2793 hoc
640 2728 734 2793 uobis
761 2746 819 2811 per
846 2745 903 2792 nos
927 2726 1005 2791 deus
1032 2726 1101 2808 ipse
1128 2726 1206 2791 facit
1233 2726 1303 2791 sius
1327 2724 1414 2788 obse·
1430 2750 1453 2787 ec

269 2834 383 2899 crando
412 2834 481 2899 siue
508 2834 655 2900 minando
684 2836 755 2900 siue
779 2832 975 2917 corripiendo
1000 2834 1068 2897 siue
1092 2832 1215 2897 damnis
1239 2832 1308 2896 siue
1330 2830 1413 2895 labo·
1529 2838 1530 2923 J

267 2942 355 3006 ribus
389 2942 458 3007 siue
490 2962 546 3025 per
578 2960 652 3007 suas
686 2941 828 3007 occultas
861 2939 1092 3005 admonitiones
1129 2940 1182 3004 uel
1212 2936 1415 3003 uisitationes
1529 2974 1530 2979 κ

268 3049 336 3112 siue
355 3067 411 3132 per
429 3052 626 3132 potestatum
644 3048 869 3131 temporalium
888 3048 988 3132 leges.
1007 3046 1196 3130 intellegite,
1216 3044 1294 3127 quid
1312 3043 1416 3109 uobis-

268 3174 341 3219 cum
370 3159 498 3239 agatur;
526 3155 630 3238 perire
656 3172 715 3220 uos
738 3173 799 3219 uon
828 3154 901 3219 uult
924 3154 1004 3219 deus
1026 3154 1059 3218 in
1083 3152 1238 3236 sacrilega
1259 3148 1414 3216 discordie
1529 3184 1530 3241 p

269 3260 425 3326 alienatos
457 3280 476 3325 a
506 3264 608 3326 matre
640 3263 749 3325 uestra
782 3260 949 3327 catholica.
982 3259 1062 3324 nihil
1094 3259 1125 3323 in
1158 3277 1214 3323 uos
1247 3256 1414 3339 aliquando
1432 3284 1454 3321 e
1529 3318 1530 3321 ,

269 3368 401 3451 probare
423 3368 592 3451 potuistis3
616 3367 717 3431 uestri
736 3366 879 3450 episcopi
898 3365 1047 3431 couueuti
1065 3384 1083 3429 a
1101 3364 1193 3429 uobis
1212 3383 1290 3429 uum
1313 3363 1415 3429 nohis·
1529 3380 1530 3429 l

271 3494 342 3539 cum
374 3472 506 3556 pacifice
534 3473 675 3539 conferre
702 3474 874 3538 uoluerunt
902 3472 994 3555 quasi
1020 3472 1180 3555 fugientes
1208 3489 1282 3535 cum
1309 3488 1415 3554 pecca·

361 3720 394 3772 18
413 3718 512 3772 Erech.
532 3719 574 3771 34.
592 3719 611 3771 4

309 3894 631 3961 luniom.,m.1udd.
650 3892 687 3946 M
734 3890 879 3964 3ipsaF
930 3890 1013 3962 iqui
1032 3890 1069 3945 M
1139 3892 1270 3959 lapoat
1289 3906 1368 3959 quam
1388 3892 1414 3942 in

267 3984 371 4053 finees.
391 3985 488 4037 onr.A
554 3983 583 4036 ll
605 3981 977 4048 siom.F(udd.m.1)A
1052 3978 1414 4043 13inuiaihile‚m.2add.
1529 4010 1530 4013 =

274 4070 491 4140 maupcrcR
563 4072 595 4123 15
616 4068 1023 4139 dilimus‚m.2diligimusA
1088 4066 1270 4122 laoditisll
1341 4067 1414 4120 liet

273 4160 476 4229 pertremuit
528 4160 562 4214 20
581 4160 718 4229 quesistis,
738 4174 807 4214 corr.
826 4163 887 4211 m.1
906 4158 1064 4227 inquesistis
1082 4156 1119 4210 M
1171 4154 1238 4208 deus
1254 4172 1304 4224 per
1322 4153 1417 4208 noelli
1529 4192 1530 4195 η

310 4249 368 4318 ipsc
391 4264 451 4311 om,
475 4252 535 4302 Μ
558 4246 623 4301 add.
641 4246 680 4300 M
783 4247 818 4300 23
838 4246 896 4301 siue
919 4246 977 4316 per]
1002 4246 1061 4299 siue
1085 4244 1129 4297 uel
1154 4241 1185 4296 F
1206 4245 1264 4296 siue
1284 4245 1311 4296 A
1329 4242 1372 4295 uel
1386 4242 1414 4293 ll

275 4338 310 4391 24
329 4338 427 4407 egitur.
447 4352 516 4391 corr.
534 4340 595 4390 m.1
613 4338 710 4405 agatur
729 4334 766 4389 Μ
848 4336 882 4389 26
902 4334 976 4403 num]
996 4341 1051 4386 nun
1078 4332 1174 4400 fuisse,
1192 4336 1259 4386 m.2
1276 4348 1331 4385 non
1350 4345 1413 4384 corr.

275 4426 333 4480 uid.
352 4426 390 4480 Μ
404 4434 522 4496 nuquam
538 4425 564 4480 P
581 4422 641 4478 edd.
694 4424 834 4478 uobiscum
847 4424 875 4477 R
915 4425 948 4477 27
969 4419 1414 4490 noluemnt,m.1eupraluoll
