3092 5217
493 504 756 573 epistularum
785 504 853 559 clx.
883 504 936 560 CX.
1219 509 1284 571 639

135 698 249 761 simam
274 698 462 772 insinuauit3
486 716 597 762 uerum
617 702 722 763 tamen
743 698 802 763 etsi
829 718 889 762 uon
914 697 992 762 mihi
1016 698 1061 763 rei
1084 718 1186 762 nouae
1209 698 1286 762 insi-

134 804 269 880 nuatrix,
293 823 376 868 noua
398 808 503 868 tamen
528 804 753 888 rescriptorum
778 805 913 869 exactrix
936 804 1007 869 fuit.

56 913 72 972 2
178 910 306 975 Miraris
324 911 471 988 fortasse,
496 930 553 975 cur
575 931 626 976 me
649 911 745 976 huius
769 910 868 975 debiti
891 914 1122 993 persolutorem
1145 912 1286 995 inparem

134 1016 249 1094 dicam,
274 1036 346 1082 cum
370 1022 406 1081 tu
431 1019 469 1081 de
492 1038 544 1082 me
565 1022 632 1083 tam
654 1018 793 1082 multum
816 1020 946 1096 sentias,
970 1018 1024 1101 qui
1048 1039 1098 1083 me
1122 1024 1283 1100 tamquam

104 1124 242 1188 sasima
267 1144 339 1187 mea
364 1125 501 1189 noueris.
530 1124 586 1189 sed
613 1125 673 1191 hoc
700 1124 807 1208 ipsum
831 1130 891 1201 est,
920 1126 1005 1208 quod
1031 1125 1111 1189 mihi
1137 1145 1285 1209 magnam

134 1230 358 1295 difficultatem
385 1231 463 1295 facit
489 1231 699 1313 respondendi
726 1230 842 1295 litteris
870 1232 947 1309 tuis,
976 1232 1051 1314 quio
1079 1234 1120 1308 et,
1149 1234 1286 1313 quantus

134 1337 214 1401 milri
233 1337 383 1413 uidearis‚
402 1356 495 1419 parco
508 1337 611 1401 dicere
629 1342 757 1419 propter
776 1338 998 1403 uerecundiam
1016 1341 1105 1402 tuam
1125 1342 1157 1403 et
1175 1338 1287 1420 utique

133 1444 243 1508 miuus
276 1444 419 1521 diceudo,
457 1464 530 1509 cum
562 1448 599 1509 tu
635 1445 666 1509 in
700 1464 751 1509 me
784 1448 905 1509 tantam
944 1444 1070 1510 laudem
1104 1444 1285 1522 contuleris,

135 1551 214 1632 quid
233 1551 295 1615 uisi
314 1552 437 1616 debitor
454 1553 644 1617 remanebo?
668 1552 753 1635 quod
771 1571 832 1615 non
853 1570 1005 1628 curarem,
1030 1552 1057 1615 si
1077 1570 1123 1629 ea,
1148 1571 1228 1635 quae
1248 1550 1287 1613 de
1387 1575 1390 1581 ·

94 1684 118 1721 ro
134 1677 188 1721 me
207 1658 317 1721 adme
335 1659 462 1723 locutus
483 1678 527 1733 es,
547 1678 607 1723 uon
627 1679 662 1724 ex
682 1658 812 1723 caritate
837 1658 1051 1723 sincerissima
1069 1658 1155 1724 dicta
1174 1660 1286 1723 scirem

135 1764 194 1829 sed
217 1764 398 1829 adulatione
420 1765 550 1830 inimica
573 1764 740 1831 amicitiae.
761 1766 822 1830 hoc
841 1766 957 1848 quippe
976 1764 1070 1829 modo
1089 1784 1145 1829 noc
1166 1764 1290 1829 debitor

134 1871 256 1949 fierem,
285 1871 360 1953 quia
387 1872 463 1935 talia
490 1873 659 1955 rependere
687 1892 747 1937 noo
772 1872 947 1951 debereme
965 1871 1021 1937 sed
1044 1876 1160 1953 quanto
1184 1872 1287 1955 magis

134 1978 224 2054 noui,
253 1997 348 2061 quam
374 1977 462 2043 fideli
491 1980 595 2044 animo
618 1978 769 2062 loqueris,
798 1982 886 2043 tanto
910 1978 1014 2062 magis
1037 1977 1142 2057 uideo,
1171 1982 1287 2060 quanto

136 2084 245 2149 debito
268 2103 391 2165 graucr.

57 2190 118 2255 315
182 2190 263 2255 Vide
286 2192 404 2269 autem,
428 2191 505 2273 quid
526 2191 605 2255 mihi
628 2190 772 2275 contigit,
802 2194 839 2255 ut
861 2210 912 2255 me
936 2190 1073 2273 quodum
1097 2188 1190 2254 modo
1218 2189 1288 2271 ipse

135 2300 345 2379 laudandum,
369 2300 424 2384 qui
446 2319 497 2364 me
517 2319 535 2363 a
558 2304 589 2364 te
612 2299 748 2363 fideliter
770 2298 937 2363 laudatum
961 2296 1102 2361 dixerim.
1131 2295 1187 2360 sed
1211 2296 1288 2378 quid

137 2407 225 2471 aliud
253 2408 390 2473 dicerem
418 2426 512 2490 qoam
544 2406 587 2485 id,
620 2405 706 2488 quod
738 2405 776 2469 de
808 2408 840 2469 to
869 2404 1029 2481 admonui,
1059 2422 1153 2486 quam
1182 2404 1290 2467 nosti?

138 2534 211 2580 ecce
234 2516 314 2579 mihi
337 2534 452 2579 nouam
480 2515 541 2579 leci
565 2513 795 2597 quaestionem,
825 2532 918 2595 quam
943 2516 979 2575 tu
1003 2530 1064 2574 nou
1092 2510 1290 2592 proposuisti

139 2625 171 2686 et
198 2642 268 2686 eam
300 2622 446 2687 fortassis
474 2624 621 2702 expectas
653 2624 691 2684 ut
723 2619 858 2683 soluem.
889 2618 935 2681 ita
966 2617 1045 2681 milri
1073 2636 1183 2698 parum
1212 2618 1288 2692 erat,

95 2750 120 2787 so
139 2728 224 2810 quod
245 2728 368 2792 debitor
386 2746 481 2803 eram,
505 2726 568 2791 nisi
587 2725 682 2791 etiam
706 2745 757 2789 me
782 2724 933 2807 ampliore
957 2723 1062 2787 debito
1086 2722 1155 2804 ipse
1180 2741 1289 2787 cumu-

136 2840 246 2902 larem.
275 2853 467 2917 quamquam
495 2834 556 2898 hoc
584 2833 677 2897 facile
706 2832 749 2897 sit
778 2832 941 2897 ostendere
970 2833 1011 2905 et,
1037 2830 1065 2893 si
1096 2848 1157 2893 non
1186 2833 1289 2893 osten-

139 2942 222 3018 dam,
252 2942 346 3006 facile
373 2940 433 3005 tibi
461 2940 569 3004 uidere
598 2944 630 3003 et
658 2959 734 3004 uera
760 2937 930 3003 infideliter
954 2936 1015 3000 dici
1044 2955 1139 3019 posse
1168 2938 1200 2998 et
1227 2954 1288 2998 oon

139 3067 215 3111 uera
237 3046 384 3111 fideliter.
408 3046 570 3135 quileoim
594 3045 641 3109 sic
666 3044 775 3121 credit,
804 3046 841 3107 ut
861 3042 1015 3125 loquitur,
1044 3042 1105 3106 etsi
1129 3060 1189 3106 non
1214 3060 1289 3104 uera

139 3154 292 3237 loquitur,
311 3153 448 3217 fideliter
465 3154 619 3235 loquitur3
642 3152 696 3233 qui
711 3155 816 3215 autem
837 3148 1118 3230 uonc1·edit‚quae
1137 3146 1289 3229 loquitur,

97 3284 121 3321 es
141 3260 202 3325 etsi
230 3280 306 3324 uera
332 3260 484 3342 loquitur,
511 3258 682 3323 infideliter
709 3258 862 3338 loquitur.
890 3254 1047 3337 numquid
1069 3274 1142 3338 ergo
1167 3252 1290 3329 dubito,

176 3524 193 3575 3
215 3522 408 3591 persolutione,
426 3524 488 3576 ΜΛ
505 3537 593 3589 aspro
610 3520 624 3573 l
642 3519 838 3589 persolutorem
856 3517 884 3572 R
938 3518 955 3571 4
975 3516 1007 3570 de
1026 3516 1058 3569 iu
1071 3515 1132 3585 fine
1149 3532 1177 3568 re.
1197 3531 1248 3568 om.
1266 3516 1290 3566 A

143 3611 176 3665 de
197 3610 227 3676 (d
245 3628 279 3664 ec
296 3627 365 3665 corr.
384 3627 418 3662 m.
429 3611 457 3680 1)
475 3610 513 3663 P¹
588 3613 646 3663 tem
664 3608 790 3677 multum]
811 3611 916 3661 tantum
936 3606 969 3659 M
1042 3604 1143 3660 dlecit
1161 3603 1189 3658 R
1198 3606 1216 3672 f
1222 3604 1232 3656 l
1241 3620 1291 3657 rm

178 3699 308 3769 respondi
325 3698 391 3752 ΜΕ
483 3699 589 3767 9quae
608 3697 641 3750 de
659 3696 865 3768 melmlocutus
885 3712 913 3749 es
932 3696 959 3749 A
1058 3695 1092 3748 10
1111 3692 1292 3747 sincerissima

143 3790 258 3843 caritate
276 3788 304 3842 R
409 3788 440 3840 ll
460 3788 522 3856 nec]
542 3804 597 3840 nou
614 3786 645 3840 F
751 3786 784 3838 12
803 3783 966 3855 respondere
984 3783 1021 3837 M
1038 3780 1234 3852 reprehendere
1253 3779 1290 3833 P¹

145 3880 178 3931 13
197 3877 273 3931 fideli
291 3877 393 3945 auimo]
413 3874 504 3929 fidelia
522 3892 600 3928 nemo
619 3874 657 3928 Μ
672 3873 766 3927 fidelia
784 3889 881 3943 nenrpe
900 3873 927 3927 A
1019 3873 1052 3926 14
1071 3887 1203 3940 grauerrrrr
1224 3874 1290 3935 (ras.

143 3967 263 4031 1-21.)
282 3966 309 4019 P
399 3966 433 4018 15
452 3965 524 4033 quod
543 3964 659 4017 admodo
677 3962 715 4017 M
783 3962 842 4032 ipse
861 3977 912 4017 om.
931 3962 959 4016 R
1051 3962 1083 4013 17
1103 3960 1174 4029 quod
1194 3975 1245 4012 om.
1264 3956 1295 4011 F

180 4056 298 4117 admoui,
317 4059 378 4109 m.1
396 4070 465 4109 corr.
485 4053 614 4106 admonui
630 4053 662 4107 F
748 4068 838 4121 quem,
857 4054 917 4104 m.1
934 4066 1021 4118 supra
1040 4050 1053 4102 l
1072 4065 1153 4118 quam
1165 4048 1193 4103 R
1213 4062 1292 4115 quem

145 4147 221 4213 edd.‚·
239 4144 273 4211 cf.
292 4161 320 4198 a.
342 4146 416 4197 4-5
454 4144 488 4197 18
506 4142 577 4196 Eece
596 4142 678 4208 (sici)
698 4140 729 4195 F
785 4156 884 4193 nouam
902 4139 969 4193 mihi
988 4139 1175 4209 quaestionem
1194 4136 1246 4189 feci
1264 4134 1292 4189 R

181 4234 315 4304 propuisti
333 4235 360 4288 A
446 4233 481 4286 20
500 4232 624 4301 ampliori
643 4231 670 4283 P
688 4230 845 4299 ampliorem
864 4228 953 4283 MFA
1039 4228 1071 4281 21
1093 4226 1189 4280 lacileo
1211 4226 1291 4293 (eici)

147 4323 183 4376 sit
199 4324 230 4377 F
246 4323 284 4376 sit
302 4321 382 4375 facile
400 4321 429 4376 R
483 4322 517 4375 25
536 4337 600 4374 uero
617 4319 648 4374 F
664 4335 726 4373 uere
745 4318 773 4371 A
846 4334 896 4386 ego
915 4316 952 4370 M
1023 4316 1125 4378 debito,
1143 4330 1213 4368 corr.
1233 4317 1295 4367 m.1

147 4412 241 4466 dubito
259 4410 289 4464 R
