3092 5217
494 554 760 625 epistularum
788 552 885 608 XCIII.
1210 555 1273 621 447

122 750 199 815 losis
225 750 369 816 febribus
392 750 612 834 phreneticum
634 751 755 814 factum
777 769 901 815 currere
920 750 1044 815 uideret
1062 750 1093 814 in
1112 770 1274 834 praeceps,

123 876 226 922 nonne
250 862 329 922 tunc
351 858 460 939 potius
482 858 603 921 malum
626 877 681 941 pro
705 858 790 922 malo
814 857 968 934 redderet,
998 857 1025 922 si
1055 877 1127 922 eum
1156 858 1201 922 sic
1229 858 1274 921 ire

122 966 333 1046 permitteret,
366 985 462 1048 quam
494 965 522 1029 si
551 963 784 1045 corripiendum
811 963 1038 1048 ligandumque
1067 968 1210 1029 curaret?
1244 969 1276 1029 et

123 1077 228 1135 tamen
270 1072 297 1136 ei
334 1075 411 1136 tunc
451 1070 700 1135 molestissimus
743 1074 776 1135 et
817 1071 1062 1135 aduersissimu's
1103 1071 1275 1147 uideretur,

97 1178 252 1259 equando
276 1177 471 1243 utilissimus
496 1180 528 1241 et
550 1176 870 1242 misericordissimus
895 1177 1066 1254 extitisset3
1100 1178 1157 1242 sed
1183 1178 1274 1259 plane

124 1285 227 1349 salute
262 1287 406 1368 reparata
436 1287 525 1348 tanto
555 1283 685 1348 uberius
715 1282 744 1347 ei
772 1283 891 1367 gratias
921 1286 1038 1367 ageret,
1068 1286 1184 1365 quanto
1214 1280 1275 1345 sibi

124 1410 193 1455 sum
228 1392 338 1455 minus
369 1391 550 1472 pepercisse
574 1391 737 1455 sensisset.
763 1409 780 1455 o
810 1390 837 1454 si
864 1408 992 1472 possem
1016 1389 1075 1453 tibi
1100 1389 1275 1467 ostendere,

124 1517 158 1560 er
179 1498 266 1580 ipsis
291 1497 608 1561 Circumcellionibus
632 1515 727 1579 quam
750 1497 870 1561 multos
894 1498 957 1560 tam
982 1495 1155 1561 catholicos
1178 1495 1276 1559 mani-

124 1604 223 1670 festos
249 1606 424 1670 habeamus
448 1604 632 1668 damnantes
656 1623 746 1668 suam
771 1603 937 1687 pristinam
960 1604 1060 1667 uitam
1090 1605 1122 1667 et
1148 1602 1276 1667 misera-

87 1740 108 1775 n
124 1711 218 1774 bilem
257 1729 402 1776 emonem.
433 1730 495 1793 quo
524 1730 558 1776 se
587 1710 819 1774 arbitrabantur
846 1729 901 1792 pro
930 1710 1066 1774 ecclesia
1089 1708 1139 1772 dei
1161 1710 1274 1785 facere,

125 1817 281 1900 quicquid
307 1819 449 1899 inquieta
480 1817 661 1882 temeritate
692 1817 865 1881 faciebant!
900 1817 954 1899 qui
986 1819 1092 1880 tamen
1126 1816 1164 1880 ad
1196 1814 1276 1879 hanc

125 1924 296 1988 sanitatem
328 1944 391 1988 non
423 1923 679 2007 perducerentur,
711 1924 773 1987 nisi
800 1924 908 2007 legum
936 1924 1081 2001 istarum,
1114 1941 1193 2004 quas
1217 1921 1276 1985 tibi

126 2029 306 2111 displicent,
330 2029 469 2093 uinculis
492 2033 656 2112 tamquam
678 2030 852 2112 phrenetici
875 2030 1059 2113 ligarentur.
1093 2028 1168 2110 quid
1195 2027 1276 2092 illud

127 2137 264 2201 alterum
302 2154 402 2220 genus
439 2136 541 2200 morbi
580 2136 764 2219 grauissimi
802 2155 920 2213 eorum,
964 2136 1018 2218 qui
1059 2136 1276 2199 turbulentam

90 2272 111 2312 ιε
128 2243 257 2324 quidem
281 2241 446 2306 audaciam
469 2261 530 2306 non
553 2242 721 2319 habebant,
745 2241 803 2305 sed
826 2242 961 2323 quadam
984 2244 1115 2307 uetusta
1133 2242 1277 2305 socordia

127 2350 353 2431 premebantur
375 2347 516 2413 dicentes
539 2349 646 2413 nobis:
675 2348 802 2412 ‘Verum
828 2348 955 2431 quidem
981 2348 1102 2423 dicitis;
1130 2367 1192 2412 non
1217 2352 1275 2425 est,

127 2455 210 2537 quod
233 2454 479 2537 respondeatur3
504 2455 561 2519 sed
580 2455 693 2518 durum
713 2458 762 2519 est
781 2455 872 2519 nobis
891 2455 1093 2521 traditionem
1111 2460 1276 2537 parentum

127 2564 337 2645 relinquere'?
360 2580 463 2626 nonne
487 2561 656 2626 salubriter
677 2562 788 2645 regula
810 2563 1032 2645 temporalium
1056 2564 1276 2626 molestiarum

129 2670 307 2735 excutiendi
331 2672 429 2746 erant,
453 2672 491 2733 ut
512 2672 676 2750 tamquam
700 2668 868 2739 desonmo
887 2669 1061 2752 lethargico
1082 2672 1278 2753 emergerent

91 2810 114 2847 so
130 2780 160 2841 et
189 2778 223 2840 in
259 2778 397 2841 salutem
430 2775 563 2840 unitatis
592 2776 805 2859 euigilarent?
833 2794 927 2858 quam
956 2776 1051 2839 multi
1079 2780 1110 2840 et
1138 2796 1173 2840 er
1197 2776 1276 2859 ipsis

129 2901 208 2946 nunc
247 2881 415 2946 nobiscum
453 2881 627 2964 gaudentes
664 2882 834 2963 pristinum
866 2882 990 2964 pondus
1022 2882 1194 2964 perniciosi
1227 2883 1276 2946 sui

130 2990 230 3072 operis
266 2992 419 3053 accusant
446 2991 479 3052 et
505 2988 645 3052 fatentur
673 3008 730 3053 nos
759 2988 821 3052 sibi
845 2988 999 3053 molestos
1023 3008 1093 3053 esse
1118 2988 1276 3061 debuisse,

129 3114 165 3159 ne
186 3098 352 3176 tamquam
377 3094 538 3158 mortifero
563 3114 674 3159 somno
697 3094 743 3158 ita
765 3095 875 3159 morbo
899 3097 1085 3159 ueternosae
1109 3099 1277 3159 consuetu-

130 3202 208 3266 dinis
232 3201 409 3264 interirent.

61 3321 75 3374 :i
92 3342 114 3381 a
170 3308 214 3371 At
239 3307 324 3371 enim
348 3307 539 3388 quibusdam
561 3307 626 3372 ista
647 3326 709 3372 non
732 3310 876 3389 prosunt.
901 3306 1055 3388 numquid
1076 3306 1147 3371 ideo
1171 3308 1276 3391 negle-

130 3416 230 3499 genda
262 3420 311 3479 est
343 3415 510 3491 medicina,
540 3415 614 3497 quia
641 3415 865 3479 nonnullorum
895 3419 944 3478 est
971 3414 1155 3479 insanabilis
1179 3416 1276 3495 pesti-

130 3521 247 3586 lentia?
278 3524 316 3586 tu
349 3539 411 3585 non
446 3520 590 3585 adtendis
619 3522 681 3585 nisi
710 3540 774 3598 eos,
805 3521 859 3603 qui
887 3521 933 3584 ita
956 3521 1027 3585 duri
1051 3524 1135 3599 sunt
1160 3524 1197 3585 ut
1219 3540 1275 3585 nec

130 3630 223 3693 istam
255 3628 412 3710 recipiant
444 3628 655 3712 disciplinam.
689 3628 726 3693 de
754 3628 874 3693 talibus
908 3628 990 3692 enim
1025 3629 1180 3710 scriptum
1213 3631 1275 3692 est:

164 3924 249 3992 lire]
269 3940 374 3976 currere
392 3923 452 3977 cdd.
507 3925 609 3977 ‹itune
629 3922 772 3977 eiLcdd.
829 3924 927 3977 deum
947 3922 1039 3977 sibiL
1091 3922 1277 3976 lminimeA

132 4012 318 4073 catholicas,
338 4028 408 4066 coer.
426 4018 488 4066 πμ]
506 4013 654 4065 catholicos
672 4012 709 4065 Μ
788 4012 820 4066 12
839 4012 891 4065 tibi
911 4030 961 4067 ona.
981 4015 1006 4065 Α
1081 4012 1113 4065 13
1134 4010 1277 4081 dispicent.

132 4106 191 4154 Μ
212 4101 360 4169 displicent
377 4100 405 4155 R
512 4101 628 4154 uinculis
652 4117 702 4155 om.
730 4100 754 4151 (³
859 4100 1013 4154 frenetici„
1038 4101 1140 4169 (fuitne
1162 4099 1182 4152 li
1206 4098 1231 4168 ,9)
1250 4101 1277 4152 A

134 4194 163 4245 15
181 4190 327 4244 remeatis
346 4188 372 4242 L
438 4190 470 4242 16
490 4188 580 4241 dicitis
600 4188 754 4257 quidemtl
831 4190 884 4258 est]
906 4190 1009 4244 esset]
1076 4190 1109 4243 19
1126 4188 1276 4258 tamquam]

133 4283 184 4333 turb
204 4280 228 4327 (-’
333 4278 367 4331 20
387 4278 579 4347 uigilarentA
687 4280 715 4331 et
738 4295 790 4333 ors.
809 4277 871 4331 ML
889 4278 949 4331 edd.
1058 4280 1089 4330 21
1116 4279 1158 4331 sui
1182 4294 1232 4330 om.
1252 4278 1279 4330 P

134 4370 165 4422 ‘25
183 4365 310 4437 quibdam
330 4366 410 4433 lael)
430 4367 458 4418 A
538 4375 569 4435 pe
589 4370 613 4433 (a
631 4367 662 4418 tn
680 4382 737 4422 res.
756 4384 791 4421 m.
804 4372 828 4432 1)
848 4366 884 4419 M
900 4370 1019 4436 pareunt,
1039 4370 1104 4420 m.2
1122 4370 1235 4437 pessunt
1253 4368 1281 4419 P

135 4458 166 4510 98
184 4457 266 4524 enirn]
287 4462 300 4509 ἔ
319 4454 381 4524 (dcl.
402 4460 477 4521 m.2)
499 4456 531 4507 M
