3092 5217
507 516 769 584 epistularum
800 514 902 568 LXXX.
1214 521 1278 579 349

144 713 258 789 extasis,
282 712 337 776 sed
361 712 455 775 rebus
481 712 559 794 ipsis
584 711 802 776 accidentibus
827 715 859 773 et
883 710 920 773 ad
946 710 1042 789 uliud,
1064 730 1157 793 quam
1178 714 1279 774 statu-

143 840 266 896 eramus
289 818 480 885 uocantibus
506 819 651 901 cogimur
673 837 845 903 agnoscere
870 817 920 882 dei
945 818 1143 881 uoluntatem
1173 817 1277 888 aliam,

143 946 225 1009 quam
249 929 314 990 erat
337 929 456 1003 nostra,
485 928 649 1006 tamquam
678 925 705 989 si
733 924 893 1009 proficisci
921 928 1135 988 statueremus
1164 926 1196 987 et
1223 924 1278 987 ali-

143 1034 208 1116 quid
230 1036 380 1111 oreretur,
405 1034 490 1116 quod
514 1033 661 1098 consulta
684 1032 722 1097 dc
746 1032 850 1097 officio
875 1035 982 1097 nostro
1007 1031 1127 1095 ueritas
1155 1034 1279 1094 uetaret

117 1140 281 1218 sdeserere
324 1145 381 1205 aut
421 1140 664 1204 decernentibus
704 1140 865 1203 inmanem
907 1138 1107 1202 nuntiaretur
1146 1136 1275 1217 aliquid

142 1248 215 1329 qucd
247 1247 357 1312 eedem
385 1246 520 1311 ueritate
548 1246 694 1311 consulta
724 1265 781 1311 nos
811 1246 1016 1329 compelleret
1042 1242 1208 1325 proficisci.
1242 1262 1276 1307 ex

142 1355 193 1420 hcc
222 1356 315 1420 tertie
350 1373 464 1439 genere
497 1356 663 1418 causarum
695 1353 865 1417 mutandae
899 1352 1074 1416 sententiae
1107 1349 1184 1432 quid
1216 1349 1275 1413 tibi

141 1462 275 1526 uideatur
296 1465 372 1545 pete
395 1480 521 1525 mecum
545 1461 671 1543 plenius
696 1464 727 1524 et
751 1458 916 1525 enodatius
941 1458 1151 1541 conloquaris'.
1183 1474 1277 1538 saepe

140 1587 189 1633 nos
211 1570 326 1650 quiippe
350 1569 519 1634 conturbat
542 1573 573 1631 et
597 1567 726 1632 difficile
751 1570 800 1632 est
827 1586 888 1631 non
913 1566 1042 1649 aliquid,
1068 1564 1150 1647 quod
1173 1563 1277 1645 magis

104 1674 304 1742 rosaciendum
331 1678 408 1751 emt,
433 1673 590 1751 omittere,
615 1674 690 1739 dum
713 1674 796 1738 illud
820 1677 941 1736 mutare
965 1672 1125 1749 nolumus,
1153 1670 1185 1732 in
1214 1687 1275 1749 quc

137 1781 216 1864 prius
247 1800 430 1863 permanere
468 1785 695 1859 statueramus,
732 1800 793 1845 ncn
831 1779 959 1862 quidem
996 1778 1126 1854 malum,
1164 1794 1275 1839 uerum

136 1887 192 1951 ianr
216 1888 287 1953 ideo
316 1888 448 1966 malum,
477 1888 551 1969 quia
577 1888 620 1965 id,
650 1886 734 1969 quod
762 1886 869 1969 potius
899 1884 1056 1971 agendum
1084 1886 1143 1962 est,
1168 1900 1274 1947 eccur-

135 2014 198 2058 rens
220 1995 386 2071 deseritur,
411 1994 495 2076 qued
520 1995 548 2057 si
571 2013 632 2057 nou
657 1996 846 2067 occurreret,
871 2010 931 2056 non
961 1991 1064 2056 solum
1094 1991 1161 2055 sine
1190 1990 1274 2053 uitu-

134 2103 285 2184 peratione
318 2102 374 2167 sed
407 2103 503 2166 etiam
536 2120 609 2165 cum
641 2100 734 2164 laude
768 2100 799 2163 in
828 2099 884 2163 illc
912 2099 1014 2182 priore
1043 2097 1274 2182 perduraretur.

100 2243 121 2279 re
135 2210 179 2273 lic
199 2230 258 2274 nen
278 2210 349 2273 falli
369 2208 497 2273 difficile
517 2212 576 2285 est,
595 2208 648 2271 hic
667 2207 795 2273 omnine
815 2226 876 2271 uox
895 2205 1080 2287 prophetica
1098 2205 1274 2287 praeualet:

134 2318 289 2381 Delicta
312 2318 404 2399 quis
429 2315 671 2399 intellegit?
694 2314 778 2391 hinc,
804 2332 869 2391 cro,
893 2312 1078 2395 participem
1101 2329 1152 2375 me
1176 2310 1274 2375 facias

134 2424 355 2507 cogitatienum
388 2426 526 2501 tuarum,
560 2422 636 2505 quid
670 2422 700 2485 in
729 2422 849 2486 talibus
877 2420 932 2485 uel
958 2419 1061 2485 facere
1089 2420 1193 2483 soleas
1223 2420 1274 2482 uel

133 2528 304 2595 faciendum
328 2550 398 2595 esse
420 2530 568 2613 reperias·

215 2724 248 2776 16
266 2724 311 2775 Ps.
332 2722 374 2775 18.
396 2722 427 2774 13

164 2847 175 2898 l
195 2846 308 2899 ecstasis
328 2844 387 2898 edd.
401 2852 545 2913 praetera
617 2844 809 2899 accedentibus
827 2844 911 2899 ΕΑΒ
966 2844 982 2895 2
1002 2841 1093 2909 aliam]
1114 2855 1172 2893 esse
1192 2839 1272 2891 aliam

132 2933 193 2986 lum
248 2936 264 2987 3
283 2938 403 2987 nest-ram
424 2950 505 3003 quam
525 2934 548 2987 si
562 2934 645 2988 FAR
662 2936 758 2987 nostra
771 2932 843 3001 quod
857 2933 880 2985 si
895 2932 931 2985 Pl
943 2948 962 2985 a
972 2932 1032 2999 cfr
1050 2930 1143 2983 nostra
1162 2944 1215 2995 qua
1229 2927 1274 2979 sil

160 3022 293 3090 proficisci
314 3027 412 3090 (postr.
433 3023 449 3076 l.
469 3024 502 3075 in
519 3039 577 3076 rac.
595 3026 667 3075 1-2
686 3024 715 3089 l.)
734 3021 762 3073 P
842 3024 1031 3081 statueramus,
1051 3034 1118 3071 corr.
1138 3020 1198 3069 aad
1217 3018 1272 3068 sta·

129 3113 260 3165 lueremus
278 3113 306 3165 A
373 3115 391 3165 4
409 3112 463 3166 cr&
480 3112 557 3174 rdur,
576 3116 642 3165 Μ
660 3112 775 3165 oriretur
792 3112 820 3164 P
837 3111 952 3164 oriretur
970 3106 1062 3163 AP¹R
1081 3106 1140 3160 edd.
1196 3107 1212 3159 5
1231 3106 1273 3157 in·

129 3214 232 3253 manere
255 3203 283 3262 (a
305 3202 371 3254 Μ
392 3200 424 3253 ia
446 3216 502 3253 rae.
527 3205 542 3253 1
566 3201 594 3263 l.)
614 3200 642 3253 P
663 3199 702 3253 ibi
724 3216 832 3253 manere
856 3198 916 3253 edd.
1007 3198 1023 3251 6
1043 3198 1085 3265 cx]
1106 3195 1139 3248 dc
1158 3194 1198 3261 es
1204 3194 1214 3246 l
1222 3210 1271 3247 rere

129 3287 322 3343 immundae
347 3294 371 3355 (t
393 3292 462 3343 mk>
484 3306 518 3342 ex
541 3287 569 3358 d)
592 3289 620 3341 P
707 3288 852 3352 8mecum
870 3284 928 3341 dan.
946 3286 973 3341 R
1082 3282 1226 3337 euudacius
1245 3282 1275 3335 F

129 3375 158 3428 10
173 3377 218 3431 uel
226 3392 301 3430 umus
320 3376 382 3432 edd.
398 3382 546 3445 praecem
613 3378 647 3431 14
665 3377 753 3446 priore
773 3377 793 3447 (i
813 3376 926 3436 detritu]
945 3375 973 3428 P
1040 3374 1073 3427 15
1092 3372 1130 3425 lan
1152 3372 1185 3424 lli
1205 3373 1272 3431 (ras.

129 3467 241 3532 1-21.)
261 3466 293 3519 F
361 3465 510 3537 prophetae
530 3466 566 3518 P¹
623 3466 655 3519 18
674 3483 733 3520 esse
751 3482 802 3519 cnr.
823 3466 850 3519 P
868 3470 909 3519 est
928 3463 958 3516 F
