3092 5217
259 437 321 500 120
613 435 639 490 S.
668 435 805 488 Aureli
834 435 1049 505 Augustini

256 633 398 693 remotus
426 649 445 693 a
470 630 590 695 talibus
622 629 717 695 lactis
749 633 791 706 et,
825 649 905 712 quae
936 631 1015 712 ipsis
1048 631 1116 696 suis
1150 631 1252 696 dicere
1291 631 1405 709 soleat,

256 735 402 800 modesta
424 736 651 818 conquestione
672 736 826 820 proferret
847 754 968 818 nosque
987 755 1303 811 commemoraremus
1323 736 1407 802 illud

256 841 432 906 Ezechielis
456 843 639 924 prophetae,
663 842 719 906 ubi
743 844 849 924 aperte
873 843 1026 924 scriptum
1051 847 1102 907 ost
1124 861 1181 908 nec
1200 842 1258 907 lilii
1277 845 1405 926 culpam

256 948 341 1030 patri
372 967 429 1012 nec
461 949 561 1031 patris
594 949 722 1034 culpam
753 949 819 1014 lilio
854 949 922 1014 eius
952 949 1170 1034 inputandam,
1198 950 1254 1015 ubi
1282 951 1404 1015 dictum
1535 1027 1536 1032 ἵ

259 1057 323 1117 est:
348 1052 593 1119 sicutenim
617 1053 903 1136 animapatris
928 1073 1011 1118 mea
1034 1059 1105 1131 est,
1128 1055 1188 1118 ita
1211 1057 1406 1120 etenima
1436 1081 1449 1120 ι

259 1159 345 1223 lilii
368 1179 452 1225 moa
474 1165 553 1238 est3
577 1161 708 1225 anima
730 1161 835 1225 enim
859 1159 1134 1242 quaecumque
1153 1162 1406 1244 peccauerit,

259 1266 347 1330 sola
377 1266 585 1345 morietur,
617 1267 739 1350 placuit
767 1267 914 1332 omnibus
937 1268 969 1330 in
993 1267 1111 1332 talibus
1134 1267 1407 1351 disputationibus

259 1373 400 1439 uiolenta
425 1373 510 1439 lacta
536 1376 690 1440 malorum
714 1375 879 1440 bominum
903 1374 993 1440 nobis
1017 1373 1055 1438 ab
1078 1375 1217 1439 inuicem
1243 1375 1324 1440 obici
1345 1395 1407 1440 non

260 1480 382 1544 debere.
415 1481 597 1545 remanebat
629 1499 704 1564 ergo
737 1481 919 1546 schismatis
953 1481 1108 1563 quaestio.
1148 1481 1255 1564 itaque
1286 1481 1408 1546 hortati

260 1607 333 1650 eum
362 1607 485 1664 sumus,
513 1592 551 1652 ut
578 1588 675 1653 etiam
703 1590 799 1670 atque
828 1588 922 1652 etiam
950 1587 1075 1670 placido
1105 1593 1138 1651 et
1164 1595 1274 1669 pacato
1299 1588 1452 1655 nonnoso

260 1693 421 1758 adnitatur
443 1694 620 1768 nobiscum,
644 1697 682 1759 ut
704 1694 851 1779 diligenti
874 1694 1103 1759 examinatione
1126 1697 1216 1758 tanta
1236 1694 1408 1778 inquisitio

260 1800 430 1865 terminum
462 1804 578 1865 sumat.
617 1801 672 1865 ubi
702 1801 758 1864 ille
791 1801 925 1885 benigne
953 1819 1026 1882 cum
1058 1799 1177 1865 diceret
1209 1819 1267 1866 nos
1299 1802 1409 1866 solum

259 1908 323 1972 ista
345 1927 504 1990 quaerere,
527 1906 611 1972 nolle
634 1911 741 1972 autem
765 1911 889 1972 nostros
913 1907 991 1972 haec
1015 1907 1134 1989 quaeri,
1157 1926 1195 1972 ea
1212 1907 1297 1972 facta
1314 1907 1409 1990 polli-

260 2015 411 2079 citatione
439 2015 659 2092 discessimus,
686 2018 724 2080 ut
750 2013 969 2079 exhiberemus
998 2015 1026 2078 ei
1053 2013 1160 2097 plures
1188 2013 1328 2098 collegas
1354 2033 1409 2079 no·

262 2126 344 2185 stros
373 2124 458 2186 certe
485 2122 538 2187 uel
566 2121 685 2204 decem,
713 2121 769 2203 qui
796 2124 886 2186 tanta
912 2120 1129 2186 beniuolentia
1157 2123 1190 2184 et
1214 2120 1347 2185 lenitate
1377 2127 1410 2184 et
1428 2149 1452 2188 c

260 2232 325 2293 tam
349 2228 401 2312 pio
425 2228 533 2293 studio
555 2227 589 2293 id
613 2229 720 2311 quaeri
742 2228 872 2307 uellent,
896 2227 1105 2310 quantumin
1129 2227 1221 2292 nobis
1245 2246 1318 2292 eum
1341 2227 1409 2291 iam

261 2335 525 2400 animaduertisse
556 2339 653 2417 atque
685 2334 857 2418 adprobare
890 2335 1115 2399 sentiebamus.
1148 2333 1209 2400 hoc
1241 2334 1337 2398 etiam
1369 2333 1409 2398 de

262 2460 390 2506 suorum
415 2461 546 2507 numero
570 2447 602 2507 et
623 2442 693 2525 ipse
715 2441 892 2526 pollicitus.

141 2551 186 2614 VI
202 2551 242 2612 13
307 2547 397 2614 Unde
433 2567 492 2613 uos
524 2549 634 2613 hortor
665 2551 696 2612 et
728 2548 871 2614 obtestor
901 2568 957 2631 per
990 2548 1108 2613 domini
1141 2548 1340 2632 sanguinem,
1372 2550 1412 2612 ut

260 2674 333 2719 eum
356 2655 506 2737 promissi
537 2655 589 2720 sui
617 2655 844 2720 commoneatis
886 2659 919 2720 et
951 2656 1096 2740 gnauiter
1125 2654 1263 2730 instetis,
1288 2659 1325 2716 ut
1358 2673 1410 2718 res
1429 2679 1455 2719 so

261 2765 374 2844 coepta
399 2766 578 2846 peragatur,
606 2781 702 2844 quam
730 2781 827 2844 prope
855 2762 893 2826 ad
921 2762 1015 2827 finem
1043 2762 1226 2844 peruenisse
1253 2760 1317 2824 iarn
1344 2779 1411 2825 cer-

262 2868 349 2934 nitis.
382 2871 536 2950 quantum
564 2869 647 2934 enim
671 2868 813 2946 arbitror,
838 2869 1027 2934 difficillime
1050 2869 1185 2950 potestis
1208 2867 1353 2932 inuenire
1377 2866 1410 2930 in

262 2973 421 3057 episcopis
453 2975 570 3040 uestris
601 2979 666 3038 tam
699 2975 813 3039 utilem
846 2975 986 3039 animum
1015 2977 1048 3039 et
1074 2975 1285 3050 uoluntatem,
1311 2993 1411 3056 quam

263 3081 293 3145 in
317 3081 380 3145 isto
404 3100 478 3146 sene
500 3081 728 3164 perspeximus.
751 3084 879 3162 postero
905 3079 988 3144 enim
1012 3081 1062 3144 die
1085 3079 1155 3163 ipse
1179 3079 1219 3144 ad
1241 3097 1298 3144 nos
1318 3079 1414 3143 uenit

263 3189 395 3252 ethaeo
417 3188 533 3252 iterum
556 3207 706 3270 quaerere
729 3206 944 3270 coeperamus.
977 3186 1035 3252 scd
1058 3188 1132 3270 quie
1156 3185 1318 3252 ordinandi
1343 3186 1412 3268 epi·
1433 3211 1457 3249 c

263 3294 352 3376 scopi
379 3293 553 3358 necessitas
580 3311 638 3359 nos
665 3295 739 3360 inde
766 3295 831 3358 iam
858 3294 985 3376 iamque
1011 3295 1164 3377 rapiebat,
1188 3293 1310 3358 diutius
1335 3311 1414 3357 cum

262 3401 318 3465 illo
356 3419 426 3464 esse
468 3400 682 3483 nequiuimus.
730 3401 795 3466 iam
831 3401 915 3465 enim
953 3401 1141 3466 miseramus
1178 3400 1217 3465 ad
1253 3399 1412 3465 Maiorem

353 3645 369 3697 3
389 3644 483 3698 Erech.
505 3644 547 3708 18,
566 3646 600 3699 20
655 3645 787 3700 blizech.
808 3646 849 3708 18,
868 3647 898 3708 4;
919 3646 954 3700 20

302 3805 314 3857 l
335 3804 402 3873 suis}
422 3804 488 3858 solis
506 3804 534 3860 R
612 3806 629 3857 2
647 3821 707 3859 cum
727 3805 885 3874 quaestione
904 3803 934 3858 F
1009 3807 1025 3860 3
1043 3821 1125 3873 super
1144 3803 1192 3856 lilii
1212 3820 1246 3856 m.
1265 3807 1297 3856 ut
1315 3803 1378 3856 uid.
1400 3809 1415 3856 1

263 3892 350 3960 patris
367 3891 406 3944 M
459 3893 711 3963 ipati-culpam
734 3909 785 3948 orn.
804 3894 895 3948 MFA
954 3893 1023 3947 filios
1042 3893 1079 3948 M
1100 3897 1179 3957 (corr.
1203 3909 1238 3945 m.
1261 3897 1293 3945 ut
1315 3891 1416 3946 oica

264 3981 338 4044 liliis)
358 3984 384 4033 A
404 3986 484 4046 (corr.
503 3987 566 4035 m.1
584 3981 658 4044 filiis)
725 3983 740 4034 7
758 3983 862 4053 placuit
881 3983 950 4037 enim
971 3983 1095 4036 omnibus
1114 3981 1198 4052 (enim
1217 3980 1268 4034 del.
1287 3997 1322 4036 m.
1334 3984 1366 4046 2)
1390 3981 1418 4033 P

266 4070 299 4122 10
318 4069 356 4138 et]
376 4073 458 4138 atque
476 4070 569 4136 fiam
632 4072 663 4124 11
684 4071 819 4124 innitatur
836 4072 862 4124 A
929 4072 961 4125 18
979 4070 1117 4141 pollicitus
1136 4074 1179 4123 est
1197 4067 1256 4124 edd.
1326 4069 1365 4123 20
1386 4074 1417 4122 et

264 4174 297 4211 es
315 4175 329 4210 e
348 4161 413 4211 m.2
432 4159 457 4210 P
506 4159 613 4213 nauiter
629 4159 720 4215 MFR
739 4161 859 4228 grauiter
878 4161 904 4212 A
957 4162 1091 4214 instantes
1109 4159 1147 4213 M
1194 4157 1416 4212 ‘redimentium

265 4263 298 4300 ec
315 4263 383 4303 corr.
405 4247 521 4315 (m.1?)‚
543 4249 631 4316 fnisse
648 4249 707 4302 uid.
727 4249 838 4303 difficile
857 4265 901 4303 me
920 4249 947 4302 P
969 4249 1079 4303 difficile
1097 4265 1141 4301 me
1159 4247 1189 4302 F
1277 4247 1312 4301 24
1331 4249 1414 4316 sene]
1537 4293 1538 4328 ζ

264 4352 327 4389 sane
346 4337 373 4389 A
427 4338 462 4391 25
482 4337 519 4407 et]
539 4342 570 4390 ut
588 4338 616 4391 P
686 4355 860 4408 cooperamus
878 4340 906 4391 A
925 4355 1080 4408 ceperamus
1099 4337 1127 4392 R
1181 4337 1216 4390 26
1235 4351 1285 4390 nos
1303 4353 1356 4391 om.
1378 4337 1419 4390 Μ
1537 4339 1538 4398 j
