3092 5217
471 532 736 601 epistularum
763 531 834 589 XCI.
1166 539 1231 601 435

90 746 160 803 raus,
182 728 220 789 nt
240 725 302 790 hac
321 726 486 791 occasione
506 725 747 791 admoneremus
766 746 831 801 sos,
852 728 929 811 quid
947 728 1047 792 faeere
1068 728 1228 811 deberent·

89 836 113 898 si
132 837 285 915 saperent,
308 853 369 897 non
394 837 519 897 tantum
542 853 599 916 pro
622 834 815 899 remouenda
833 835 992 917 praesenti
1012 836 1229 899 sollieitudine

88 960 186 1004 uerum
219 940 315 1005 stiam
347 959 404 1022 pro
432 940 619 1022 inquirenda
647 941 753 1004 salute
780 944 945 1023 perpetua.
970 942 1072 1005 multa
1096 942 1228 1006 anobis

89 1047 254 1124 andierunt,
277 1048 418 1111 multum
442 1047 539 1110 etiam
562 1047 626 1128 ipsi
648 1050 857 1129 roganemnt3
884 1046 938 1109 sed
962 1046 1056 1113 absit.
1081 1050 1118 1111 ut
1145 1049 1226 1111 tales

71 1155 163 1224 aserai
198 1154 311 1224 simus,
346 1173 425 1235 qnos
459 1154 497 1217 ab
531 1154 578 1217 eis
610 1154 715 1236 rogari
748 1152 896 1229 delectet,
926 1172 944 1216 a
972 1154 1088 1235 quibus
1121 1156 1228 1218 noster

90 1260 220 1323 dominus
254 1279 315 1323 non
349 1263 490 1343 rogatur.
522 1258 607 1323 unde
638 1258 787 1341 pemides
820 1278 875 1341 pro
908 1258 1082 1324 uiuacitate
1110 1260 1226 1324 mentis

90 1370 151 1429 tuae
182 1366 221 1429 ad
251 1366 312 1431 hoo
346 1384 417 1431 esse
449 1366 614 1430 nitendum
642 1369 768 1429 seruata
797 1364 1041 1429 mansuetudine
1065 1368 1098 1428 et
1120 1365 1225 1429 mode·

89 1474 194 1537 ratione
222 1472 412 1549 Christiana,
441 1478 479 1537 ut
506 1477 564 1537 aut
591 1476 712 1537 eeteros
737 1473 952 1537 deterreamus
976 1492 1083 1537 eorum
1106 1472 1225 1536 imitari

89 1578 315 1659 peruersitatem
340 1584 396 1644 ant
414 1584 536 1645 eeteros
557 1585 704 1662 optemus
724 1598 833 1644 eorum
852 1578 970 1643 imitari
990 1579 1224 1643 correctionem.

62 1685 199 1759 rodamus,
232 1705 313 1769 quae
345 1687 445 1751 inlata
477 1691 561 1764 aunt,
598 1691 652 1752 uel
687 1688 863 1752 tolerantur
895 1705 913 1749 a
946 1684 1134 1750 Christianis
1172 1687 1226 1750 uel

91 1793 288 1856 resarciuntur
324 1812 381 1874 per
417 1792 626 1859 Christianos.
664 1793 838 1858 animarum
875 1812 933 1857 nos
971 1794 1069 1869 lucra,
1108 1792 1224 1873 quibus

91 1898 277 1980 adquirendis
315 1920 387 1965 oum
419 1901 560 1984 periculo
593 1902 688 1965 etiam
723 1900 889 1984 sanguinis
921 1900 1093 1975 inhiamus
1130 1906 1162 1963 et
1192 1900 1223 1963 in

91 2006 146 2070 loeo
175 2006 230 2071 illo
263 2007 490 2088 quaestuosius
521 2006 687 2088 prouenire
721 2010 753 2070 et
785 2006 856 2070 aliis
884 2006 964 2071 loeis
992 2005 1048 2069 illo
1082 2004 1222 2087 exemplo

91 2132 139 2176 non
158 2114 304 2196 impediri
327 2113 554 2178 desideramus.
588 2113 638 2177 dei
665 2112 883 2177 misericordia
906 2112 997 2177 nobis
1021 2114 1161 2194 praestet
1184 2110 1222 2174 do

60 2248 78 2286 o
92 2222 135 2282 tua
155 2220 256 2283 salute
279 2220 427 2303 gaudere.

119 2410 326 2465 aeouicirudine
345 2414 371 2465 A
432 2414 448 2465 3
467 2413 553 2465 multa
577 2412 647 2464 enim
668 2410 812 2464 audierunt
832 2410 943 2462 anobis
963 2410 999 2461 M
1058 2412 1074 2456 ἴ,
1095 2408 1219 2461 dominus

92 2504 168 2553 noster
184 2500 211 2554 R
266 2501 373 2555 dunde
393 2518 457 2554 uero
477 2500 603 2572 persides
621 2500 649 2554 R
722 2500 786 2553 uina
805 2499 918 2553 ciuitate
936 2500 963 2551 A
1019 2498 1105 2550 thoe
1124 2514 1174 2549 om.
1195 2496 1225 2549 1³

120 2596 217 2643 seruata
234 2590 262 2642 A
307 2591 323 2643 8
342 2593 374 2643 ut
392 2591 451 2659 aut]
471 2594 519 2643 aut
537 2595 569 2642 ut
581 2590 609 2643 R
628 2593 659 2642 ut
677 2590 738 2655 (om.
758 2592 816 2654 aut)
831 2588 863 2641 K
908 2590 924 2640 9
944 2602 1036 2639 eorum
1056 2588 1179 2655 optemus
1193 2582 1221 2636 R

94 2676 299 2738 losum.,m.1
321 2678 386 2735 add.
405 2677 436 2731 F
506 2680 537 2731 11
558 2679 707 2731 animarum
727 2693 792 2745 ergo
811 2692 861 2729 nos
880 2674 907 2729 R
987 2676 1018 2727 13
1039 2673 1220 2744 questuosias.

91 2780 147 2820 corr.
163 2773 221 2819 sai
244 2769 418 2835 questuosins
441 2769 468 2820 A
492 2784 561 2835 quae
585 2766 732 2819 studiosius
756 2765 793 2817 M
882 2766 916 2818 14
940 2764 1062 2833 praestet
1085 2765 1113 2815 ot
1138 2761 1170 2813 sle
1189 2759 1221 2811 K

93 2856 118 2907 15
134 2856 253 2926 gaudere]
273 2856 393 2925 gaudere
411 2873 460 2925 per
479 2855 559 2909 deum
577 2854 605 2908 R
