3092 5217
262 481 325 544 114
609 477 637 531 S.
665 476 804 530 Aureli
831 475 1051 545 Augustini

261 672 447 756 episcopum
465 671 591 736 nomine
609 670 667 735 illo
686 669 906 754 accipiendum
925 689 1006 746 esse,
1027 669 1151 753 quando
1171 689 1210 734 ne
1227 670 1261 735 id
1279 671 1411 753 quidem

260 779 392 862 probare
415 782 536 861 posset,
559 780 669 842 utrum
692 775 732 841 ad
754 775 975 840 Africanarum
999 775 1180 858 specialiter
1202 776 1412 842 ecclesiarum

262 885 430 968 episcopos
456 883 532 948 illae
558 883 686 948 litterae
712 881 830 948 missae
857 881 985 946 luerint.
1015 901 1206 965 quamquam
1235 883 1317 947 enim
1346 885 1413 949 Do·

261 993 328 1058 nati
349 1011 464 1057 nomen
486 990 600 1056 Atrum
624 1007 695 1054 esse
718 989 830 1066 soleat,
854 1007 915 1052 non
939 991 1045 1053 tamen
1068 993 1259 1072 repugnaret
1281 1010 1299 1054 a
1320 1009 1413 1068 uero,

262 1103 300 1164 ut
329 1098 383 1164 nel
413 1097 553 1181 partium
583 1096 712 1162 illarum
744 1095 861 1177 aliquis
894 1098 1062 1160 uocaretur
1091 1095 1168 1160 Afro
1200 1096 1325 1162 nomine
1359 1097 1415 1162 nel
1442 1124 1454 1163 s

263 1205 379 1288 aliquis
401 1204 478 1269 Afer
500 1205 533 1268 in
555 1203 621 1267 illis
649 1203 795 1287 partibus
824 1202 1072 1267 constitueretur
1098 1202 1277 1286 episcopus.
1309 1222 1415 1285 neque

264 1309 348 1376 enim
383 1309 415 1374 in
452 1311 499 1375 sis
536 1311 590 1376 uel
618 1309 702 1374 diem
729 1309 784 1374 uel
812 1309 973 1374 consulem
1002 1307 1196 1388 inuenimus,
1228 1311 1266 1373 ut
1297 1309 1416 1374 saltem

264 1416 472 1483 consideratis
498 1416 697 1500 temporibus
725 1415 803 1480 certi
830 1415 951 1498 aliquid
979 1393 1129 1480 eluceret.
1157 1435 1231 1480 sane
1263 1416 1416 1498 quoniam

263 1523 371 1590 nescio
412 1523 536 1606 quando
578 1522 781 1588 audieramus
822 1521 988 1600 Arrianus,
1031 1540 1104 1585 cum
1141 1541 1160 1586 a
1192 1523 1418 1588 communione

264 1631 422 1697 catholica
462 1630 706 1713 discrepassent,
747 1628 933 1693 Donatistas
973 1628 1005 1692 in
1046 1628 1153 1693 Africa
1194 1629 1256 1693 sibi
1293 1629 1417 1694 sociare
1437 1659 1460 1698 ro

264 1739 450 1821 temptasse,
482 1737 522 1801 ad
554 1755 663 1802 aurem
695 1735 775 1800 mihi
808 1736 869 1800 hoc
900 1735 1007 1817 ipsum
1039 1734 1135 1800 freter
1175 1735 1311 1818 Alypius
1341 1755 1418 1819 sug·

267 1845 379 1930 gessit.
410 1847 487 1908 tunc
515 1846 646 1927 accepto
673 1842 744 1925 ipso
772 1842 937 1906 uolumine
966 1823 1109 1906 eiusdem
1137 1842 1265 1907 concilii
1292 1845 1420 1908 statuta

266 1949 469 2016 considerans
497 1950 563 2035 legi
589 1949 800 2014 Athanasium
830 1949 1015 2032 episcopum
1038 1947 1284 2013 Alexandrinum
1308 1949 1420 2013 catho-

265 2058 376 2136 licum,
400 2057 493 2122 cuius
515 2057 652 2121 maxime
674 2055 829 2120 aduersus
853 2054 1002 2120 Arrianus
1026 2055 1249 2120 acerrimarum
1273 2055 1422 2140 disputa·

266 2164 389 2229 tionum
431 2162 596 2227 conflictus
637 2161 782 2240 eminuit,
824 2164 857 2225 et
896 2160 1014 2225 Iulium
1056 2161 1209 2226 ecclesias
1253 2163 1421 2227 Romanae
1440 2192 1464 2231 1⁵

267 2269 453 2353 episcopum
485 2267 586 2333 nihilo
617 2268 724 2332 minus
757 2267 951 2332 catholicum
983 2267 1040 2332 illo
1073 2266 1206 2332 coneilio
1237 2266 1422 2332 Serdicensi

267 2377 368 2442 fuisse
392 2375 586 2459 inprobatos.
619 2373 703 2438 unde
728 2373 813 2457 apud
836 2392 894 2438 nos
918 2373 1063 2439 constitit
1085 2371 1289 2438 Arrianorum
1314 2375 1422 2440 luisse

268 2481 449 2560 concilium,
496 2481 613 2564 quibus
658 2481 715 2545 isti
761 2478 903 2563 episcopi
945 2479 1095 2544 catholici
1135 2479 1423 2546 uehementissime

266 2587 468 2654 resistebant.
501 2588 608 2670 itaque
638 2585 678 2652 ad
705 2585 939 2670 diligentiorem
968 2585 1064 2650 etiam
1090 2587 1271 2669 temponrm
1295 2585 1425 2652 discus·

269 2697 389 2762 sionem
416 2694 581 2760 noluimus
607 2692 715 2776 ipsum
743 2692 895 2758 uolumen
924 2691 1065 2775 accipere
1094 2695 1190 2775 atque
1217 2693 1342 2758 auferre
1368 2713 1426 2758 no·
1443 2725 1469 2767 ao

267 2803 404 2869 hiscum.
432 2801 488 2886 qni
513 2800 618 2867 noluit
644 2799 718 2864 dare
746 2799 853 2864 dicens
880 2799 927 2864 ibi
953 2817 1011 2864 nos
1040 2799 1155 2863 habere
1177 2800 1269 2877 illud,
1293 2801 1426 2882 quando

269 2907 392 2991 aliquid
422 2908 455 2973 in
489 2927 526 2973 eo
560 2906 758 2972 considerare
786 2906 955 2970 nollemus.
983 2905 1095 2990 rogaui
1123 2906 1230 2984 etiarn,
1259 2910 1295 2971 ut
1322 2927 1426 2996 mapu

268 3034 340 3080 mea
366 3014 469 3079 notari
496 3013 703 3096 permitteret,
731 3012 843 3090 fateor,
872 3011 1000 3089 timens,
1029 3029 1067 3076 ne
1095 3013 1175 3077 mihi
1201 3014 1292 3091 forte,
1322 3031 1427 3079 causa

271 3122 415 3205 exigente
451 3139 525 3184 cum
562 3119 733 3202 petendum
771 3122 867 3197 esset,
906 3137 961 3200 pro
998 3118 1054 3183 illo
1092 3119 1180 3183 aliud
1215 3120 1426 3202 proferretur.

271 3245 374 3307 neque
397 3226 458 3291 hoo
480 3224 597 3293 noluit.
1446 3251 1471 3289 ae

182 3339 261 3404 IV?
317 3332 439 3396 Deinde
468 3332 547 3397 milri
582 3333 686 3416 coepit
717 3332 846 3410 instare,
880 3335 917 3395 ut
949 3330 988 3396 ad
1019 3330 1297 3416 interrogationem
1329 3351 1428 3398 suam

271 3439 412 3505 breuiter
438 3439 670 3521 responderem,
696 3458 850 3522 quaerens
874 3459 893 3503 a
915 3457 976 3516 me,
1002 3457 1096 3521 quem
1118 3438 1240 3503 iustum
1262 3442 1429 3520 putarem,

312 3682 530 3750 lepiscopornm
549 3684 576 3734 A
629 3681 759 3735 tauiro
778 3680 809 3734 F
865 3681 999 3750 deliquia
1019 3680 1076 3733 aser
1094 3680 1121 3734 in
1140 3678 1196 3732 illis
1214 3679 1340 3750 partibus
1362 3699 1431 3737 con·

273 3769 433 3823 stitueretur
455 3771 597 3839 episcopus
621 3770 666 3823 uel
689 3770 788 3839 aliquis
813 3773 956 3822 uocaretur
980 3769 1037 3822 afro
1061 3769 1169 3822 nomine
1192 3783 1279 3838 noque
1302 3770 1380 3824 enim
1402 3771 1435 3826 F

310 3859 417 3912 nonrine
434 3859 501 3912 Afro
521 3859 580 3912 edd.
618 3860 635 3912 6
654 3861 753 3927 neque]
772 3875 807 3912 ne
826 3857 863 3911 M
896 3859 913 3911 8
932 3856 1036 3926 aliquid
1056 3856 1084 3923 (d
1102 3859 1134 3910 iu
1152 3873 1208 3912 roc.
1227 3861 1298 3923 m.1)
1318 3857 1433 3914 luceret

274 3947 312 4000 m
328 3946 431 4016 aliquid
450 3945 587 4001 reluceret
605 3946 660 4000 aa
734 3947 768 4001 ro
786 3947 884 4000 africae
902 3946 933 4000 r
1002 3946 1055 3998 son
1073 3963 1124 4000 om.
1143 3946 1180 3998 nr
1252 3947 1284 3999 ra
1304 3949 1432 4014 conani,
1541 3931 1542 4021 l

275 4038 339 4090 m.2
357 4035 464 4088 concilii
482 4034 520 4087 M
564 4036 596 4089 13
614 4035 684 4104 legit
702 4035 739 4088 M
756 4039 781 4101 (t
799 4051 859 4102 esp.
878 4051 912 4088 m.
924 4037 953 4091 2)
972 4033 1134 4087 FAPRoe
1181 4035 1214 4088 14
1233 4035 1386 4089 acerrimus
1401 4036 1432 4090 R
1541 4031 1542 4114 l

277 4125 310 4177 15
329 4123 439 4176 emicuit
457 4122 522 4176 MF
589 4141 680 4177 romae
699 4122 729 4177 F
794 4125 827 4177 16
846 4123 1059 4176 nihilhominus
1078 4121 1143 4176 MF
1160 4128 1243 4191 (poet.
1264 4123 1280 4177 lr
1301 4130 1381 4192 exp.)
1403 4127 1433 4178 A
1541 4123 1542 4204 l

276 4210 344 4264 nihil
369 4210 496 4273 hominis,
519 4215 586 4264 m.2
610 4211 787 4265 nihilominus
812 4211 839 4264 P
951 4209 1103 4265 serdicense
1128 4212 1158 4266 F
1181 4211 1337 4266 Sardicensi
1364 4214 1431 4266 edd.
1541 4206 1542 4243 ἦ

278 4299 312 4352 17
331 4298 473 4352 constituit
490 4297 522 4351 F
583 4300 615 4353 19
635 4299 669 4352 ad
688 4300 902 4369 diligentiorem]
923 4297 1114 4369 adiligentiore
1133 4301 1169 4354 M
1226 4301 1261 4354 20
1280 4299 1381 4356 afferre
1402 4303 1433 4356 R

277 4387 312 4440 24
329 4384 481 4456 proferetur
498 4388 559 4440 MA
1541 4408 1542 4469 j
