3092 5217
249 477 314 542 140
607 475 635 528 S.
661 473 800 528 Aureli
827 475 1047 544 Augustini

248 668 333 734 tione
362 666 401 731 ad
429 685 487 732 nos
517 667 710 732 adtulerunt.
741 685 876 750 qnorum
904 667 1074 732 Eustasius
1104 667 1133 731 in
1162 685 1231 732 eam
1255 669 1398 751 requiem

248 773 432 857 praecessit,
466 792 546 856 quae
580 771 678 838 nullis
710 772 861 840 fluctibus
894 773 979 837 sicut
1009 773 1115 837 insula
1146 774 1302 854 tunditur,
1342 794 1399 840 ncc

249 878 430 961 Caprariam
454 878 622 957 desiderat,
647 879 722 963 quia
744 898 802 944 neo
826 879 930 945 cilicio
953 879 1017 944 iam
1040 881 1164 962 quaerit
1186 880 1286 948 indui.

761 1073 877 1138 XLIX.

284 1212 334 1266 An
354 1210 586 1267 HONORATUM
606 1209 813 1266 EPISCOPUM
831 1211 959 1266 PARTIS
979 1210 1117 1266 DONA'lI
1130 1211 1364 1268 AUGUSTINL'S
1426 1237 1437 1275 5

487 1300 685 1357 EPISCOPUS
704 1299 900 1356 nocuusmn
919 1299 1157 1356 CATHOLICAE.
1534 1333 1535 1340 κ

208 1428 223 1491 l
295 1427 473 1492 Consilium
495 1434 588 1492 tunm
612 1428 750 1492 multum
773 1427 866 1492 nobis
889 1427 1021 1511 placuit,
1047 1426 1132 1510 qnod
1151 1427 1279 1492 fratrom
1299 1427 1399 1493 Hero·

250 1538 327 1614 tem,
352 1534 554 1600 carissimum
577 1534 668 1599 nobis
693 1537 726 1600 et
747 1534 780 1600 in
805 1533 930 1599 Christo
955 1533 1149 1599 laudabilem
1171 1536 1288 1614 uirum,
1313 1554 1399 1600 man·

252 1642 325 1706 dare
358 1640 507 1726 dignatus
541 1661 585 1718 cs,
618 1644 656 1706 nt
687 1641 804 1706 litteris
836 1641 917 1706 inter
948 1659 1005 1706 nos
1035 1642 1262 1726 agamus,fnbi
1289 1643 1400 1708 nullus

250 1749 416 1814 turbarum
442 1747 603 1814 tumultus
630 1749 813 1832 perturbare
839 1747 943 1831 possit
974 1747 1215 1831 dispositionem
1247 1753 1399 1823 nostram,
1418 1771 1440 1808 ro

252 1874 333 1939 quae
361 1874 434 1918 cum
460 1858 530 1926 tcta
555 1873 633 1938 pace
662 1858 695 1921 et
720 1855 853 1920 lenitate
877 1853 973 1919 animi
997 1855 1200 1936 suscipienda
1222 1857 1255 1920 et
1278 1855 1402 1940 agenda

251 1967 312 2044 est,
337 1963 422 2028 sicut
445 1961 524 2027 dicit
551 1965 731 2045 apostolus:
765 1962 934 2029 Seruum
966 1965 1102 2026 antem
1135 1961 1285 2026 domini
1318 1963 1401 2027 liti-

252 2088 347 2153 gare
374 2088 447 2134 non
477 2073 651 2151 oportet,
680 2070 749 2136 sed
777 2069 912 2136 mitem
943 2089 1032 2136 osse
1056 2068 1102 2133 ad
1125 2087 1273 2145 omncs,
1298 2070 1400 2134 doci-

252 2175 1401 2259 bilem,patientcm‚inmodestiacorripientemdiuersa

253 2283 499 2350 sentientes.
532 2282 640 2366 itaque
667 2282 808 2348 breuiter
834 2283 1041 2362 insinuamus,
1071 2282 1148 2365 quid
1174 2302 1195 2346 a
1216 2286 1249 2346 te
1271 2299 1399 2366 respon·
1419 2303 1441 2340 n

254 2388 319 2454 deri
341 2389 568 2456 desideramus.

209 2495 229 2557 2
298 2493 453 2574 Quoniam
488 2495 655 2562 ecclesium
687 2495 767 2574 cius,
799 2515 880 2579 quae
907 2495 1064 2561 catholica
1092 2495 1218 2574 dicitur,
1247 2495 1335 2560 siout
1361 2495 1399 2560 de

250 2602 308 2668 illa
335 2603 556 2685 prophetatum
586 2607 645 2681 est,
673 2621 729 2686 per
756 2601 864 2667 orbem
891 2605 1045 2666 terrarum
1068 2602 1215 2666 diffusam
1238 2601 1399 2678 uidemus,

252 2709 442 2774 arbitramur
472 2727 530 2774 nos
562 2729 625 2775 non
657 2709 772 2774 debere
805 2709 948 2773 dubitare
980 2709 1019 2774 dc
1055 2713 1121 2774 tam
1158 2708 1400 2774 euidentissima
1537 2795 1538 2816 Χ

252 2815 462 2898 completione
484 2820 612 2882 sancus
634 2816 828 2899 prophetias,
853 2834 947 2899 qnam
971 2815 1118 2880 dominns
1138 2817 1232 2880 etiam
1254 2815 1286 2880 in
1306 2835 1400 2881 cuan—
1416 2837 1441 2877 n
1537 2823 1538 2876 ξ

343 3059 377 3112 12
395 3057 422 3111 Π
439 3057 507 3112 Tim.
527 3059 552 3122 2,
572 3060 678 3113 24-25

288 3201 304 3253 2
323 3199 427 3254 insulse
447 3199 470 3255 S

359 3324 397 3406 ld
413 3348 446 3370 =
465 3324 524 3378 cod.
543 3325 723 3378 Monacensis
743 3327 823 3378 6266
841 3340 862 3377 s.
882 3325 919 3378 X.

359 3411 390 3466 F
413 3438 446 3456 =
465 3412 525 3468 eod.
544 3412 764 3482 Snlisbnryensis
782 3412 813 3465 X
831 3414 871 3465 29
887 3427 909 3465 s.
929 3411 1050 3464 X-Xl.

359 3501 386 3554 A
415 3525 448 3546 ==
468 3500 526 3554 cod.
545 3501 853 3568 Andomaropols'tanns
874 3501 920 3562 76,
940 3502 966 3564 8,
989 3501 1007 3552 9
1024 3515 1045 3553 s.
1066 3498 1187 3553 X-XI.

359 3588 387 3642 P
415 3613 449 3634 =
468 3589 526 3643 cccl.
547 3589 695 3642 Parisinus
712 3604 777 3642 non.
798 3605 856 3656 uoq.
874 3591 953 3642 1444
971 3605 992 3641 s.
1011 3587 1067 3642 XI.

359 3677 387 3732 R
414 3701 446 3721 =
466 3676 525 3733 cod.
544 3677 619 3730 Mas.
639 3677 712 3732 nris.
732 3675 798 3745 Res.
821 3675 886 3730 51)
909 3676 954 3730 VI
968 3693 990 3731 s.
1009 3675 1168 3729 XI—XII.

288 3839 463 3894 5Honorato
482 3839 608 3909 episcopo
627 3837 687 3891 edd.
737 3839 754 3894 6
773 3837 915 3908 episcopus
935 3837 983 3895 bis.
1005 3836 1123 3890 alterum
1142 3836 1194 3890 dcl.
1208 3835 1237 3891 R
1255 3835 1398 3905 episcopus

251 3928 582 3999 prorumpentem
636 3926 751 3980 lnobis
767 3927 883 3980 multum
902 3926 963 3980 edd.
1035 3925 1158 3994 fratrem]
1178 3941 1227 3994 per
1244 3925 1355 3978 fratrem
1373 3925 1403 3978 P

252 4017 314 4071 edd.
360 4015 524 4086 ildignatns
543 4033 571 4070 es
590 4032 642 4070 ons.
660 4016 698 4070 Μ
747 4015 780 4069 10
799 4015 1047 4086 disputationemm
1099 4013 1398 4084 11psoestlenitsce

253 4109 282 4160 et
300 4123 366 4176 pace
385 4105 503 4160 MFAP
519 4105 634 4159 lenitcte
653 4108 682 4158 et
699 4121 765 4174 pace
784 4104 844 4158 edd.
942 4105 975 4158 12
994 4104 1134 4172 apostolus
1152 4102 1220 4157 dicit
1237 4102 1266 4158 R
1344 4117 1399 4155 non

253 4199 361 4266 oportet
379 4195 489 4263 litigare
507 4195 544 4248 Μ
558 4210 608 4248 sec.
627 4209 699 4248 soor.
719 4193 772 4247 lin.
830 4196 863 4248 15
882 4193 917 4247 ad
935 4197 962 4246 te
981 4192 1044 4246 MA
1100 4193 1132 4246 16
1152 4189 1351 4246 desideraemus
1370 4199 1400 4254 (a

252 4289 323 4352 esp.)
344 4283 380 4337 M
452 4283 484 4336 17
504 4283 641 4352 qnoniam]
661 4299 738 4352 quae,
757 4285 824 4336 rn.2
842 4283 905 4353 quui
924 4282 1007 4348 (eici)
1026 4281 1063 4336 M
1142 4281 1211 4351 eius]
1230 4278 1273 4334 dei
1292 4279 1320 4333 P
1337 4278 1398 4332 edd.

288 4372 334 4426 d·e
355 4372 426 4439 (snit
445 4372 465 4439 i)
485 4371 515 4424 F
569 4371 601 4424 18
620 4375 708 4425 terrae
726 4371 755 4426 R
809 4371 844 4425 20
863 4371 1012 4440 prophetae
1031 4371 1057 4423 A
1076 4370 1226 4438 scripturae
1245 4367 1281 4422 Μ
1402 4417 1409 4432 ,
