3092 5217
285 500 347 562 720
647 496 674 550 S.
702 495 841 550 Aureli
868 496 1088 566 Augustini
1531 557 1532 580 ,

1531 616 1532 664 l

283 694 426 755 naturam
449 690 592 756 iustitiae
616 690 753 755 similem
779 692 928 775 cogitare,
953 711 1033 774 quae
1057 692 1210 771 iustitia,
1236 694 1321 758 sicut
1340 693 1426 770 dicis,
1531 691 1532 770 ἶ

284 801 354 863 ‘uon
383 798 414 861 in
449 817 483 862 se
516 797 631 862 sedin
659 796 751 861 nobis
778 786 873 872 uiuit,
906 798 1004 864 immo
1030 799 1141 882 potius
1169 819 1225 865 nos
1254 800 1426 866 secundum
1531 772 1532 830 ³

283 904 372 970 illam
402 904 555 982 uiuimus,
587 904 658 986 ipsa
689 923 764 968 uero
798 924 853 987 per·
885 924 918 969 se
946 905 1071 970 iustitia
1097 925 1296 989 nequaquam
1325 906 1427 981 uiuit',
1531 912 1532 968 1

284 1012 323 1076 ad
355 1011 415 1076 hoc
448 1015 485 1076 ut
511 1011 571 1075 tibi
603 1012 672 1094 ipse
699 1011 899 1092 respondeas,
932 1010 1012 1077 illud
1044 1011 1176 1092 intuere,
1209 1016 1317 1076 utrum
1347 1018 1427 1077 recte

285 1119 347 1183 dici
365 1120 469 1202 possit
487 1118 588 1182 uitam
607 1117 710 1199 ipsam
729 1137 790 1182 non
810 1119 929 1195 uiuere,
954 1118 1079 1200 qualit,
1104 1122 1141 1183 ut
1158 1120 1259 1196 uiuat,
1281 1119 1429 1202 quicquid
1458 1141 1468 1178 s

283 1244 344 1290 nou
367 1226 447 1290 falso
472 1225 608 1289 dicimus
632 1224 750 1291 uiuere.
776 1229 853 1307 puto
878 1225 962 1288 enim
986 1225 1157 1291 absurdum
1181 1226 1240 1290 tibi
1263 1225 1377 1301 uideri,
1395 1231 1429 1288 ut

283 1351 339 1416 per
352 1333 453 1396 uitam
468 1332 597 1396 uiuatur
611 1334 644 1395 et
662 1331 730 1394 uita
748 1350 809 1396 non
828 1330 927 1396 uiuat
947 1350 1038 1414 porro
1056 1332 1082 1396 si
1097 1334 1166 1397 reita
1179 1333 1251 1415 ipsa
1263 1332 1429 1416 praecipue
1531 1347 1532 1426 1

284 1439 377 1515 uiuit,
402 1457 464 1520 qua
487 1438 571 1501 uiuit
592 1457 694 1515 omne,
719 1438 804 1518 quod
828 1438 920 1516 uiuit,
944 1440 1057 1517 recole,
1082 1439 1224 1514 obsecro,
1249 1458 1328 1521 quas
1348 1438 1430 1502 dicat
1531 1427 1532 1430 '

284 1544 440 1627 scriptura
459 1542 567 1607 diuina
580 1543 699 1608 animas
717 1546 875 1618 mo·rtuas;
894 1543 1034 1626 profecto
1053 1545 1195 1610 inuenies
1213 1544 1429 1622 1111111111]-

284 1650 363 1732 pias,
382 1648 536 1713 infideles.
559 1668 633 1712 nam
651 1648 727 1712 licet
744 1667 800 1731 per
817 1649 890 1713 illas
910 1649 1020 1714 muant
1039 1669 1169 1732 corpora
1189 1650 1370 1734 impiorum,
1394 1650 1429 1714 de
1447 1677 1468 1716 ro
1531 1701 1532 1728 ,

285 1757 401 1839 quibus
415 1756 536 1820 <lictum
551 1755 859 1837 est,quodmortui
881 1757 1070 1839 sepeliant
1088 1763 1256 1822 mortuos
1281 1775 1380 1834 suos,
1400 1761 1432 1820 et

283 1863 328 1927 ibi
347 1862 572 1947 intellegantur
586 1862 681 1926 etiam
700 1861 827 1943 iniquae
847 1863 969 1926 animae
988 1882 1048 1928 non
1069 1882 1138 1928 esse
1158 1864 1225 1928 siue
1244 1864 1349 1946 aliqua
1366 1863 1430 1928 uita
1531 1861 1532 1941 1

285 2005 328 2016 -
347 1987 448 2050 noque
467 1967 549 2032 enim
569 1966 660 2031 alitor
678 1986 713 2030 ox
738 1967 784 2030 eis
804 1971 935 2050 possent
958 1987 1089 2050 corpora
1111 1970 1219 2034 uiuere
1250 1970 1312 2033 nisi
1336 1969 1430 2051 quali·

286 2095 422 2158 cumque
450 2075 528 2152 uita,
558 2092 621 2156 qua
649 2074 777 2139 omnino
807 2075 928 2139 animae
957 2094 1060 2140 carere
1088 2095 1149 2141 non
1177 2080 1324 2160 possunt,
1351 2076 1429 2140 unde

286 2182 469 2247 inmortales
501 2181 614 2245 merito
647 2185 803 2245 uocantur
833 2217 883 2260 -,
912 2201 972 2246 uon
1000 2185 1106 2246 tamon
1135 2183 1174 2247 ob
1203 2182 1289 2247 aliud
1319 2183 1431 2247 amissa
1448 2205 1469 2246 a

286 2289 410 2354 iustitia
433 2289 580 2354 dicuntur
604 2290 759 2366 mortuae,
784 2289 846 2352 nisi
869 2289 944 2372 quia
968 2292 1000 2352 et
1023 2288 1197 2353 animarum
1220 2289 1299 2354 licet
1320 2289 1430 2352 inmor-

263 2393 267 2400 ’
286 2396 394 2460 taliter
412 2395 482 2459 uita
496 2395 721 2478 qualicumque
740 2393 918 2458 uiuentium
939 2395 1044 2460 uerior
1058 2401 1090 2460 et
1108 2397 1207 2460 maior·
1224 2396 1294 2460 uita
1311 2395 1431 2459 iustitio

288 2507 338 2568 est
355 2505 518 2586 tamquam
536 2502 605 2566 uita
623 2502 773 2579 uitarum,
794 2521 961 2584 quaecum
981 2503 1105 2567 suntin
1125 2502 1319 2586 corporibus,
1340 2503 1429 2567 etiam

287 2611 357 2693 ipsa
384 2628 514 2692 corpora
540 2609 618 2672 uiua
650 2612 734 2686 sunt,
764 2627 844 2690 quae
877 2627 933 2692 per
964 2628 998 2674 se
1029 2610 1101 2693 ipsa
1128 2611 1238 2674 siluere
1265 2613 1430 2692 nequeunt.

288 2719 478 2799 quapropter
515 2716 543 2780 si
576 2715 698 2779 animae
730 2735 791 2780 non
829 2719 966 2797 possunt
997 2715 1059 2780 nisi
1092 2717 1188 2780 etiam
1220 2717 1251 2780 in
1290 2735 1324 2779 se
1355 2714 1429 2796 ipsis
1447 2733 1469 2771 es

287 2830 461 2906 utcumque
492 2821 612 2896 uiuere,
646 2821 720 2905 quia
754 2841 789 2884 ex
819 2823 864 2886 eis
896 2822 1014 2886 uiuunt
1041 2826 1073 2887 et
1101 2841 1240 2904 corpora,
1274 2820 1430 2904 aquibus

288 2931 413 2996 deserta
430 2930 618 3004 moriuntur,
638 2931 756 3010 quanto
776 2928 879 3011 magis
898 2947 974 2992 uera
992 2929 1117 2994 iustitia
1135 2929 1229 2993 etiam
1254 2927 1286 2992 in
1310 2947 1342 2993 se
1364 2927 1431 3008 ipsa

288 3037 397 3101 uiuere
430 3035 642 3119 intellegenda
670 3038 730 3112 est,
762 3053 799 3098 ex
828 3053 890 3117 que
921 3035 968 3099 sic
996 3035 1113 3100 uiuunt
1144 3036 1276 3109 animae,
1308 3037 1344 3098 ut
1373 3033 1430 3096 hac

288 3143 406 3206 amissa
437 3144 579 3206 mortuae
610 3146 843 3225 nuncupentur,
876 3142 1022 3224 quamuis
1050 3143 1338 3224 quantulacumque
1365 3139 1431 3203 uita

288 3269 349 3314 non
374 3249 519 3314 desinant
541 3249 667 3312 uiuere!
1446 3271 1469 3310 a

238 3367 278 3429 19
333 3356 379 3420 lla
402 3375 493 3439 porro
517 3356 653 3432 iustitia,
678 3374 759 3437 quae
783 3355 867 3420 uiuit
889 3355 920 3418 in
947 3373 980 3420 se
1003 3355 1083 3436 ipsa,
1107 3353 1217 3437 procul
1237 3352 1330 3418 dubio
1355 3351 1430 3416 dens

290 3467 340 3527 est
363 3466 458 3545 atque
486 3462 790 3527 incommutabiliter
813 3462 906 3526 uiuit.
935 3461 1020 3525 sicut
1043 3463 1160 3540 autem,
1185 3479 1258 3524 cum
1281 3459 1374 3524 sitin
1398 3477 1430 3522 se

381 3653 411 3706 11
432 3652 529 3705 Matth.
549 3652 574 3714 8,
594 3652 628 3705 22

328 3778 340 3829 1
361 3776 463 3830 similes
481 3777 509 3829 P
629 3776 710 3845 quae]
732 3776 796 3845 qnia
809 3775 873 3834 cdd.
892 3775 1016 3844 Eupippi
1035 3775 1093 3830 cod.
1120 3775 1195 3840 ναις
1213 3773 1248 3840 cf.
1266 3789 1294 3842 p.
1316 3775 1377 3834 702,
1396 3775 1430 3826 21

290 3867 375 3919 2nos
393 3866 484 3934 potius
504 3865 564 3920 edd.
616 3865 757 3920 3iustitia
777 3881 825 3934 per
844 3881 872 3918 se
891 3863 1004 3918 ΟΡΤΤι
1063 3879 1248 3931 ηεᾳυωᾳααω
1267 3862 1294 3915 Β
1340 3861 1429 3930 lipsa

289 3953 476 4008 11111οΡΤΤ1
511 3955 626 4008 Sumne
644 3952 756 4007 uiuitP
793 3955 824 4007 11
845 3953 980 4023 sepeliunt
996 3953 1120 4020 Eupippi
1138 3951 1197 4005 coci.
1217 3950 1280 4004 Vct.
1318 3951 1349 4004 14
1362 3947 1429 4002 unde

291 4050 320 4096 et
336 4043 503 4096 immortales
521 4042 544 4096 O
582 4045 615 4096 15
635 4042 761 4096 dicuntur
779 4045 901 4095 mortuae
921 4037 1019 4095 amissa
1037 4040 1144 4093 iustitia
1160 4039 1274 4094 OPTT¹
1312 4041 1342 4094 16
1360 4037 1429 4107 quod

290 4131 370 4186 codd.
426 4133 458 4186 17
479 4131 667 4200 qualicumque
686 4133 745 4185 uita
765 4131 825 4184 edd.
840 4136 953 4199 praeter
972 4145 1013 4184 ue
1074 4130 1106 4184 18
1125 4130 1181 4184 sint
1199 4129 1258 4183 cdd.
1273 4134 1430 4198 prosince

294 4223 325 4274 19
344 4221 413 4286 uisa,
432 4221 624 4274 m.2uiuaB
714 4222 747 4274 21
768 4223 916 4288 utcumque
935 4235 985 4274 om.
1008 4219 1125 4273 OPTT¹
1231 4216 1373 4287 23ric]si
1394 4213 1429 4266 Τ1

292 4311 328 4361 21
346 4309 525 4377 qualicunque
549 4308 583 4361 T¹
633 4309 667 4361 27
687 4312 715 4360 et
733 4307 811 4361 codd.
833 4310 927 4376 (atque
945 4306 1004 4360 edd.
1024 4322 1073 4360 ecc.
1094 4305 1276 4376 Eupippiam)
1330 4303 1427 4370 autem]

291 4397 358 4450 haec
379 4396 469 4450 ΟΤΤ1
489 4400 579 4450 autem
597 4397 666 4450 haec
684 4395 711 4448 P
728 4397 823 4449 lsrm
