3092 5217
522 520 787 590 epistularum
813 512 893 570 XCV.
1216 516 1282 579 509

131 717 320 781 statuere
343 715 471 791 illam,
496 714 579 780 nude
599 714 763 781 coufirmat
786 714 824 779 de
846 714 897 779 his
922 733 956 780 se
979 714 1093 793 dicere,
1118 714 1172 798 qui
1195 715 1281 779 intus

131 825 219 886 suut.
254 824 287 885 et
312 839 424 887 rursus
452 839 505 886 eos
534 821 669 886 iudicari
695 821 795 897 iubet,
825 841 896 886 oum
926 821 1018 886 dicit:
1048 818 1152 900 Quid
1179 821 1281 886 enim

130 927 391 1006 milidonis,
417 928 482 1010 qui
506 927 608 994 foris
634 931 737 1006 sunt,
761 927 968 992 iudicare?
992 927 1280 1004 nonusdehis‚

132 1035 203 1117 qui
231 1035 346 1100 intus
380 1038 484 1114 sunt,
518 1054 590 1101 uos
622 1035 847 1100 iudicatis?
879 1034 1039 1100 auferto
1065 1034 1210 1100 malum
1238 1052 1282 1098 er

101 1141 253 1208 euobis
280 1140 397 1223 ipsis.
425 1140 510 1224 quod
535 1159 607 1206 cum
632 1141 728 1206 etiam
755 1140 933 1206 faciendum
957 1140 1095 1216 uidetur,
1124 1142 1282 1222 quatenus

130 1247 197 1324 fiat,
227 1251 362 1330 quantae
390 1266 484 1312 curae
512 1265 547 1312 sc
581 1247 704 1312 timoris
734 1249 792 1324 est,
816 1267 855 1312 ue
882 1248 964 1313 forte
992 1247 1164 1330 contingat,
1197 1244 1282 1326 quod

131 1355 171 1420 ds
198 1355 257 1420 illo
284 1354 354 1438 ipso
378 1354 576 1440 intellegitur
603 1354 635 1418 iu
664 1353 803 1420 secunda
829 1354 870 1418 ad
901 1354 1030 1419 eosdem
1064 1353 1201 1436 epistula
1232 1372 1282 1418 ce-

131 1461 272 1526 nendum
303 1461 482 1536 admonere,
519 1479 565 1526 ns
593 1461 743 1526 maiore
780 1461 964 1526 tristitia
1000 1460 1280 1537 absorbeatur,

131 1568 199 1650 qui
233 1569 321 1634 eius
354 1568 459 1634 modi
496 1571 569 1634 est!
608 1571 640 1632 et
672 1588 710 1632 us
742 1568 912 1652 quisquam
949 1569 1008 1634 hoc
1044 1586 1105 1632 nou
1142 1566 1281 1632 multum

90 1675 307 1741 mauruncium
349 1679 486 1760 putaret,
532 1675 578 1741 ibi
619 1675 677 1740 ait:
724 1674 892 1755 Utuou
937 1673 1224 1758 possideamur
1263 1693 1283 1736 a

131 1787 291 1859 satana;
326 1802 399 1848 non
429 1782 531 1846 onim
565 1783 803 1866 ignoramus
831 1785 987 1848 mentes
1016 1781 1114 1847 eius.
1149 1780 1221 1863 quie
1248 1779 1281 1843 in

130 1889 181 1954 his
222 1889 367 1954 omnibus
403 1892 531 1963 tremor,
567 1889 613 1954 mi
648 1888 790 1966 Pauline,
829 1891 936 1954 sancte
973 1888 1068 1954 homo
1106 1887 1171 1952 dei!
1210 1887 1281 1968 quis

129 1999 260 2076 tremor,
290 2015 369 2078 quae
397 1997 558 2062 tenebrae!
592 2014 694 2061 nonne
722 1999 873 2080 putamus
901 1995 939 2059 ds
966 1995 1017 2059 his
1045 2013 1116 2060 esse
1143 1993 1280 2058 dictum:

130 2102 270 2168 Timor
289 2106 327 2167 et
345 2105 496 2169 tremor
514 2105 715 2168 uenerunt
738 2120 935 2184 superma
954 2104 993 2166 et
1011 2103 1283 2167 contexerunt

89 2234 112 2274 15
131 2228 190 2274 me
214 2209 408 2275 tenebrae
428 2212 466 2274 et
490 2210 586 2275 dixi:
611 2207 721 2288 ‘Quis
741 2208 857 2274 dabit
878 2209 976 2273 mihi
999 2226 1150 2292 pennae
1169 2207 1282 2272 sicut

131 2311 416 2394 columbae‚'et
434 2316 583 2382 uolabo
608 2318 646 2380 et
669 2315 947 2397 requiescam?
971 2334 1063 2380 ecce
1087 2311 1281 2398 elongaui

130 2420 300 2506 fugiens
329 2425 368 2487 et
399 2421 527 2488 mansi
559 2423 598 2486 iu
622 2422 808 2488 deserto‘.
843 2440 955 2486 uerum
983 2424 1088 2485 tamen
1117 2420 1214 2485 etiam
1247 2418 1279 2482 in

131 2527 257 2592 deserto
281 2528 351 2612 ipso
375 2529 521 2594 fortassis
546 2531 692 2612 expertus
717 2529 760 2592 sit
792 2527 878 2610 quod
901 2526 1060 2611 adiungit:
1090 2527 1281 2610 Expecta-

128 2634 217 2699 bam
237 2654 333 2712 eum,
359 2636 429 2718 qui
447 2654 504 2700 me
524 2635 682 2701 saluum
707 2635 901 2700 facereta
923 2632 1278 2716 pusillanimitate

88 2761 112 2800 eo
130 2744 168 2805 et
191 2745 451 2825 tempestate.
476 2761 588 2826 nempe
608 2760 682 2828 ergo
707 2741 909 2824 temptatio
933 2745 992 2806 eet
1015 2739 1096 2805 uita
1119 2741 1281 2804 humana

130 2867 245 2929 super
268 2853 414 2913 terram.
772 2925 774 2930 ,

52 2945 69 3007 4
175 2953 280 3034 Quid?
311 2955 383 3038 ipsa
410 2955 518 3019 diuina
545 2954 672 3038 eloquia
699 2954 819 3020 domiui
847 2974 948 3020 noune
980 2954 1150 3038 palpantur
1171 2953 1279 3035 potius

130 3079 226 3143 quam
254 3060 430 3126 tractantur
459 3081 477 3126 a
504 3061 606 3140 uobis,
637 3061 712 3126 dum
739 3062 771 3126 in
799 3063 901 3127 multo
929 3060 1073 3146 pluribus
1097 3060 1279 3144 quaerimus

129 3167 248 3248 potius,
273 3167 350 3249 quid
373 3168 573 3233 sentiendum
597 3168 649 3246 sit,
675 3187 770 3250 quarn
790 3167 955 3232 definitum
978 3166 1098 3250 aliquid
1121 3165 1280 3248 fixumque

90 3273 306 3339 assentimus?
341 3278 372 3340 et
405 3294 442 3339 ea
470 3277 574 3341 cautio
604 3295 676 3340 cum
710 3274 934 3341 sollicitudinis
965 3275 1060 3357 plena
1091 3273 1144 3350 eit,
1176 3273 1278 3337 multo

129 3381 242 3445 melior
259 3384 310 3446 est
332 3385 438 3446 tamen
457 3402 552 3464 quam
574 3383 737 3448 temeritas
757 3381 951 3446 adfirmandi.
977 3401 1077 3446 nonne
1100 3381 1131 3445 iu
1155 3380 1278 3457 multis,

130 3487 158 3550 si
189 3505 252 3553 uon
284 3488 459 3553 secundum
488 3509 612 3554 caruem
645 3489 740 3554 homo
770 3490 884 3570 sapiet,
918 3508 1013 3572 quam
1040 3492 1174 3552 mortem
1208 3506 1279 3551 esse

130 3593 208 3659 dicit
232 3597 406 3680 apostolus,
434 3615 548 3681 magno
577 3596 724 3662 scandalo
749 3596 809 3660 erit
832 3596 871 3674 oi,
899 3595 954 3679 qui
977 3595 1080 3660 adhuc
1104 3593 1279 3660 secundum

131 3719 253 3768 carnem
288 3703 381 3785 sapit,
415 3703 469 3767 ubi
498 3707 529 3767 et
557 3703 670 3780 dicere,
706 3702 783 3786 quid
810 3703 939 3780 seutiae,
972 3701 1279 3785 periculosissimum

90 3830 114 3872 o
131 3810 162 3872 et
188 3827 249 3872 noo
279 3807 382 3873 dicere
410 3809 696 3874 laboriosissimum
727 3812 759 3873 et
787 3808 884 3887 aliud,
914 3828 1010 3891 quam
1037 3807 1147 3884 sontis,
1176 3805 1279 3870 dicere

131 3915 436 3996 perniciosissimum
464 3915 535 3982 est?
564 3916 662 3998 quid?
691 3935 763 3981 oum
789 3935 835 3994 ea,
865 3934 945 3998 qnae
973 3934 1035 3980 nou
1068 3913 1278 3998 adprobamus

219 4119 539 4186 21001.5,12-13
628 4123 697 4178 811
721 4123 781 4180 Cor.
806 4125 833 4192 2,
853 4124 882 4188 7;
904 4124 935 4177 11
1030 4123 1064 4176 14
1081 4121 1125 4176 Pe.
1146 4122 1189 4184 54,
1208 4121 1279 4175 6-9

133 4209 166 4264 20
184 4209 233 4264 lob
253 4213 312 4279 7,1
369 4213 403 4266 27
422 4211 499 4268 Rom.
519 4211 543 4277 8,
563 4211 634 4266 5-6

166 4334 183 4388 8
202 4339 372 4390 ammonente
395 4335 422 4389 V
510 4337 545 4390 14
563 4353 645 4406 supra
667 4337 721 4391 VU
738 4338 799 4392 edd.
891 4339 925 4392 22
951 4336 1124 4391 dominium.
1147 4332 1203 4388 w
1218 4333 1278 4388 edd

134 4423 165 4476 2?
184 4422 250 4478 dicit
270 4441 329 4479 esee
353 4423 407 4478 VU
423 4425 484 4479 edd.
540 4426 572 4480 31
594 4442 655 4480 cum
674 4442 727 4480 om.
745 4427 774 4480 P
