3092 5217
307 508 372 571 594
669 502 695 557 S.
723 502 860 557 Aureli
888 502 1105 574 Augustini

307 698 393 763 tione
430 736 472 747 -
510 696 550 763 da
576 697 704 763 ueniam
732 716 865 763 -non
895 697 1000 763 solum
1033 715 1090 761 nos
1123 696 1254 762 minime
1285 698 1456 782 praecedis,

309 806 366 871 sed
397 824 457 871 uec
497 805 600 870 adhuc
641 805 796 887 aequoria,
834 808 867 868 et
906 804 1044 869 rescribe
1081 804 1199 888 potius,
1237 803 1315 887 qnid
1345 808 1379 869 to
1420 806 1457 869 de

308 912 368 977 hac
403 912 459 977 uia
494 916 633 989 moueat,
671 931 766 994 quam
803 914 950 976 tenemus
983 914 1016 976 et
1052 912 1083 975 iu
1115 931 1178 994 qua
1214 912 1382 977 nobiscum
1420 912 1458 975 ad

309 1038 475 1101 supernam
499 1019 645 1103 patriam,
669 1022 787 1101 quate
810 1017 960 1084 delectari
983 1019 1132 1083 nouimus
1157 1024 1189 1083 et
1210 1018 1401 1103 gaudemus,
1424 1022 1460 1083 ut

310 1126 474 1211 gradiaris,
497 1127 667 1191 instamus.

258 1229 298 1293 17
356 1232 451 1300 (lines
489 1237 596 1298 autem
629 1232 763 1297 carnalis
797 1233 919 1315 patriae
955 1237 1030 1297 tuae
1063 1232 1125 1298 etsi
1160 1252 1222 1298 nou
1256 1250 1367 1297 omnes
1405 1232 1461 1297 sed

310 1338 465 1424 quosdam
505 1340 689 1405 innocentes
731 1338 860 1422 quidem
902 1338 1020 1419 dixisti,
1062 1358 1174 1405 uorum
1214 1342 1331 1416 tamen,
1377 1338 1460 1421 quod

309 1448 428 1512 relecta
463 1447 519 1512 illa
556 1446 694 1531 epistula
731 1466 802 1511 mea
834 1446 931 1511 debes
969 1446 1145 1525 aduertere,
1184 1465 1245 1512 non
1278 1445 1459 1511 defendisti.

311 1572 444 1635 quorum
481 1572 542 1619 non
576 1554 669 1618 flores
707 1554 762 1619 sed
801 1552 908 1637 spinas
945 1572 1003 1619 nos
1042 1552 1181 1618 sensisse
1215 1572 1287 1618 cum
1320 1552 1459 1618 dicerem

310 1660 503 1743 respondens
539 1662 579 1725 ad
615 1660 707 1737 illud,
746 1661 832 1744 quod
870 1661 1042 1742 scripseras
1079 1659 1243 1725 florentem
1279 1664 1311 1723 te
1343 1678 1460 1743 cupere
1478 1682 1498 1720 a

311 1766 445 1849 patriam
472 1767 659 1851 relinquere,
692 1767 790 1833 iocari
817 1786 867 1832 me
900 1768 1032 1852 putasti.
1065 1766 1126 1832 boc
1154 1766 1278 1832 scilicet
1304 1766 1336 1831 iu
1366 1765 1460 1830 malis

311 1874 410 1939 tantis
438 1874 551 1939 libeat!
580 1873 626 1939 ita
649 1877 699 1939 est
726 1876 871 1957 prorsus!
901 1874 1026 1939 firmant
1049 1872 1152 1938 adhuc
1179 1873 1287 1939 ruinae
1314 1873 1460 1939 incensae

312 1980 465 2046 ecclesiae
489 1985 522 2045 et
543 1980 575 2045 in
599 2000 636 2045 ea
658 1998 755 2047 causa
779 1999 836 2046 nos
859 1981 1015 2046 iocamur!
1044 1986 1077 2045 et
1100 1998 1159 2064 ego
1184 1980 1323 2064 quidem,
1353 2000 1460 2062 quam·

312 2088 364 2152 uis
386 2087 570 2153 innocentes
592 2087 660 2152 illic
683 2086 762 2152 mihi
786 2106 846 2152 nou
871 2090 1082 2165 occurrerent,
1105 2087 1169 2151 uisi
1193 2086 1246 2169 qui
1270 2090 1327 2152 aut
1350 2087 1460 2165 absen-

312 2195 362 2259 tes
390 2194 519 2257 fuerunt
540 2196 597 2259 aut
619 2192 704 2258 mala
730 2192 788 2257 illa
814 2194 957 2277 perpessi
987 2197 1062 2257 sunt
1089 2196 1145 2257 ant
1167 2192 1265 2257 nullis
1289 2192 1328 2258 ad
1357 2192 1460 2275 probi·
1477 2214 1499 2254 a

312 2300 450 2365 bendum
480 2300 602 2365 uiribus
629 2300 683 2365 uel
710 2301 901 2365 auctoritate
925 2300 1105 2378 uoluerunt,
1133 2301 1240 2365 tamen
1263 2300 1460 2364 nocentiores

315 2427 332 2471 a
360 2406 466 2471 minus
493 2407 683 2471 nocentibus
711 2407 742 2471 in
770 2406 971 2471 rescribendo
997 2406 1126 2471 distinxi
1149 2406 1308 2489 aliamque
1332 2424 1459 2471 causam

314 2513 408 2596 posui
431 2530 551 2591 eornm,
575 2512 630 2595 qui
653 2512 830 2577 timuerunt
848 2512 1004 2578 offendere
1026 2516 1173 2597 potentes
1197 2512 1345 2578 inimicos
1365 2512 1460 2578 eccle·
1533 2536 1534 2580 r

315 2620 390 2699 siae,
416 2620 509 2685 aliam
531 2638 649 2698 eornm,
675 2620 730 2702 qui
753 2620 813 2685 boc
832 2619 990 2684 committi
1013 2621 1197 2698 uoluerunt,
1221 2620 1315 2685 aliam
1342 2639 1458 2697 eornm,

315 2727 370 2811 qui
394 2726 631 2807 commiserunt,
660 2726 755 2791 aliam
784 2746 903 2807 eornm,
933 2727 986 2810 qui
1012 2726 1211 2805 inmiserunt,
1240 2726 1321 2791 nibil
1350 2727 1401 2812 agi
1425 2727 1460 2792 de
1476 2750 1497 2786 n

315 2832 538 2899 inmissoribns
571 2832 693 2910 uolens,
727 2834 884 2917 quiahoc
909 2834 975 2899 sine
1002 2834 1169 2899 tormentis
1198 2834 1416 2919 corporalibus
1443 2854 1460 2899 a

316 2939 478 3024 proposito
505 2948 613 3005 nostro
642 2940 885 3005 abhorrentibus
918 2940 1053 3005 fortasse
1087 2958 1148 3005 uon
1176 2943 1285 3021 potest
1318 2940 1460 3005 inueniri.
1532 2963 1533 2981 ¹

318 3046 418 3112 Stoici
458 3050 567 3112 summ
611 3046 661 3111 tui
703 3066 810 3112 omnes
848 3046 1022 3130 aequaliter
1058 3048 1206 3111 nocentes
1245 3065 1317 3113 csso
1356 3066 1460 3112 couce-

318 3154 407 3229 dunt,
439 3152 556 3235 quibus
588 3153 694 3235 placet
725 3152 831 3217 omnia
867 3152 956 3237 paria
988 3171 1059 3218 esse
1095 3158 1239 3236 peccata;
1275 3154 1330 3235 qui
1369 3155 1460 3217 etiarn

319 3258 468 3324 duritiam
492 3278 594 3337 suam,
614 3278 675 3341 qua
697 3259 947 3325 misericordiam
970 3260 1163 3341 uituperant,
1188 3260 1264 3325 buic
1288 3260 1460 3325 sentcntiae
1476 3282 1498 3324 ra
1531 3310 1532 3313 η

318 3366 475 3431 sociantes
491 3364 686 3431 nullomodo
706 3368 834 3431 censent
853 3366 1000 3431 omnibus
1019 3366 1137 3447 pariter
1154 3366 1392 3448 ignoscendum.
1408 3364 1461 3430 sed
1531 3318 1532 3394 i

319 3490 427 3537 omnes
446 3473 563 3555 puriter
581 3491 651 3537 esse
668 3472 853 3555 puniendos.
871 3491 1001 3537 remoue
1024 3490 1099 3557 ergo
1123 3472 1209 3551 illos,
1232 3491 1329 3555 quam
1349 3473 1460 3557 longis-

319 3579 400 3643 simo
431 3582 534 3662 potes,
559 3598 577 3643 a
607 3579 783 3661 patrocinio
817 3597 931 3644 causae
967 3578 1062 3643 istius
1102 3581 1134 3643 et
1167 3581 1241 3661 opta
1277 3578 1396 3663 potius,
1429 3584 1461 3641 ut

319 3687 482 3768 tamquam
502 3683 673 3750 Christiani
691 3704 835 3769 agamus,
856 3689 902 3763 ut,
922 3684 1006 3750 sicut
1029 3688 1187 3767 optamus,
1206 3704 1264 3750 nos
1287 3686 1320 3749 iu
1341 3685 1460 3751 consu

320 3810 385 3869 eos,
410 3791 525 3873 quibus
548 3791 718 3875 parcimus,
743 3792 957 3874 adquiramus,
980 3811 1020 3856 ne
1042 3791 1220 3875 perniciosa
1240 3790 1308 3855 illis
1333 3792 1460 3856 dissolu·
1476 3817 1498 3855 a

409 4014 722 4086 aef.p.428,16-17
812 4015 845 4069 10
864 4014 898 4069 ci.
917 4032 943 4085 p.
962 4015 1128 4079 426,9-10
1216 4016 1247 4069 ll
1270 4014 1304 4069 ci.
1324 4032 1350 4086 p.
1368 4015 1460 4072 580.a
1529 4088 1530 4093 Ἰ

324 4106 428 4160 16-22
448 4104 480 4159 ci.
499 4122 526 4176 p.
544 4105 606 4169 433,
626 4105 760 4171 20-434,
782 4105 795 4158 1

360 4227 429 4282 lda
446 4228 478 4282 in
494 4244 551 4282 rac.
575 4227 602 4283 U
617 4227 653 4283 ad
675 4228 780 4295 Vlsr;
798 4228 833 4297 cf.
849 4244 879 4297 p.
902 4231 970 4287 582.
988 4232 1039 4297 14,-
1059 4230 1161 4293 5321
1227 4229 1243 4281 8
1262 4228 1361 4283 relecta
1379 4228 1457 4297 (post.

323 4318 389 4371 eia
406 4321 474 4385 raa.)
498 4316 525 4370 U
540 4318 636 4371 relicta
658 4316 727 4371 Vir
796 4318 826 4371 ll
848 4318 956 4371 silicet
978 4316 1005 4371 U
1076 4318 1108 4371 14
1127 4320 1276 4385 occurrent,
1295 4320 1357 4370 m.2
1372 4332 1458 4370 occur·

322 4410 413 4460 rorent
430 4405 457 4458 V
507 4407 542 4461 20
560 4406 642 4460 absus
660 4422 751 4460 eorum
772 4406 818 4476 qui
837 4406 1007 4460 immiserunt
1025 4422 1075 4460 om.
1100 4404 1126 4459 U
1141 4406 1222 4461 urscia
1239 4406 1406 4461 inclmenter
1415 4405 1459 4457 lar
