3092 5217
507 441 771 511 epistularum
799 440 856 494 LII.
1198 445 1257 508 151

119 635 260 700 lrabnisse
291 655 422 701 causam
452 637 577 712 bonam,
607 636 661 720 qui
689 655 756 702 eam
783 637 866 719 apud
890 636 1012 702 medios
1035 637 1157 702 iudices
1182 637 1261 702 obti-

119 761 183 806 nere
204 746 402 824 potuerunt?
426 747 482 807 aut
505 744 532 806 si
556 763 686 809 cansam
709 744 824 809 bonam
847 745 1005 809 habehant
1024 748 1056 809 et
1075 763 1145 810 eam
1162 748 1261 808 trans-

117 848 238 914 marinis
277 851 426 916 ecclesiis
461 852 594 933 probare
630 870 691 915 non
728 853 909 933 potuerunt,
948 851 1023 932 quid
1058 851 1132 916 illos
1168 835 1263 914 laesit

118 955 196 1020 orbis
230 959 400 1037 terrarum,
437 958 493 1022 ubi
530 957 671 1041 episcopi
709 957 849 1042 collegas
883 976 968 1037 suos,
1003 957 1058 1039 qni
1091 956 1175 1040 apud
1207 975 1261 1020 eos

91 1062 242 1129 sobiectis
280 1064 466 1128 criminibus
500 1064 639 1129 conuicti
666 1082 726 1128 non
757 1067 854 1141 erant,
883 1066 1001 1128 temere
1030 1063 1176 1128 damnare
1200 1082 1261 1127 non

119 1174 262 1251 possent?
294 1171 402 1254 itaque
429 1173 610 1236 innocentes
634 1171 872 1254 rebaptizantur
895 1175 927 1236 et
952 1169 1098 1236 Christus
1120 1169 1152 1234 in
1175 1171 1263 1235 inno-

119 1277 256 1342 centibus
285 1279 478 1343 exsufflatur.
503 1278 531 1343 si
555 1281 662 1342 antem
686 1278 770 1342 idem
794 1277 980 1343 Donatistae
1000 1277 1148 1343 Afrorum
1168 1277 1262 1342 colle-

118 1402 221 1466 garum
251 1403 386 1450 suorum
413 1405 489 1450 uera
516 1385 647 1450 crimina
673 1388 827 1449 nouerant
856 1387 889 1449 et
915 1385 1120 1468 neglexerunt
1152 1383 1260 1448 eadem

118 1495 290 1554 monstrare
315 1495 347 1554 et
368 1491 500 1573 probare
523 1490 742 1555 transmarinis
768 1489 923 1564 ecclesiis,
947 1490 1009 1574 ipsi
1029 1509 1062 1554 se
1083 1491 1120 1554 ab
1140 1490 1262 1553 unitate

81 1625 103 1664 n
120 1594 232 1661 Christi
272 1595 520 1662 sceleratissimo
559 1597 730 1661 schismate
766 1597 996 1679 praeciderunt,
1034 1617 1093 1664 non
1135 1595 1262 1672 habent,

120 1703 197 1784 quod
224 1707 389 1782 excusent,
419 1708 451 1768 et
478 1723 537 1769 uos
564 1702 836 1781 nostis,ma1imo
861 1703 935 1786 quia
957 1709 1022 1770 tam
1047 1703 1141 1769 multi
1165 1704 1261 1768 scele-

118 1811 173 1876 rati
199 1811 287 1893 apnd
316 1831 369 1876 eos
394 1814 589 1876 emerserunt
613 1815 645 1876 et
667 1811 885 1877 toleranerunt
906 1811 979 1875 illos
1003 1831 1059 1894 per
1081 1816 1131 1876 tot
1153 1829 1262 1891 annos,

120 1937 154 1980 ne
183 1923 306 1999 partem
341 1917 458 1982 Donati
491 1917 741 1996 conscinderent,
776 1921 808 1984 et
844 1937 904 1982 non
944 1916 1171 1983 dubitauerunt
1208 1917 1262 1982 illo

120 2034 254 2109 tempore
293 2027 391 2090 falsas
429 2025 628 2109 suspiciones
666 2044 741 2090 suas
780 2025 953 2092 obicientes
994 2045 1102 2109 pacem
1146 2023 1262 2090 Christi

85 2159 104 2194 a
121 2134 334 2215 unitatemque
357 2133 554 2216 disrumpere
578 2137 610 2199 et
631 2153 691 2199 uos
714 2133 843 2198 uidetis.

68 2240 84 2298 4
161 2239 220 2305 Sed
247 2240 357 2305 nescio
386 2259 466 2322 qnae
495 2241 627 2305 carnalis
656 2241 864 2320 consuetudo,
897 2241 993 2304 frater
1026 2239 1186 2314 Senoniae,
1219 2237 1264 2302 ihi

121 2366 175 2411 uos
209 2350 312 2423 tenet3
351 2349 383 2411 et
416 2347 493 2410 olim
526 2346 628 2425 doleo,
663 2347 739 2410 olim
773 2366 865 2431 gemo
898 2346 1031 2410 maxime
1064 2344 1263 2428 prudentiam

120 2456 200 2516 tuam
226 2453 370 2537 cogitans
395 2456 428 2516 et
451 2453 527 2518 olim
550 2457 583 2518 te
606 2453 715 2517 nidere
739 2453 895 2532 desidero,
916 2456 953 2517 ut
972 2452 1009 2517 de
1028 2453 1087 2518 hac
1106 2471 1137 2515 re
1157 2455 1263 2515 tecum

120 2559 268 2642 loquerer.
289 2559 366 2642 quid
385 2560 468 2624 enim
487 2558 616 2643 prodest
638 2559 691 2624 uel
714 2562 801 2624 salus
825 2559 878 2624 uel
902 2559 1161 2643 consanguinitas
1185 2562 1264 2623 tern-

86 2666 242 2748 apnralis,
276 2666 303 2730 si
337 2670 494 2731 aeternam
529 2665 646 2731 Christi
683 2667 891 2732 hereditatem
924 2667 1124 2748 salutemque
1156 2683 1263 2749 perpe·

121 2775 203 2836 tuam
236 2773 269 2836 in
300 2777 408 2838 nostra
440 2772 631 2858 cognitione·
652 2773 904 2840 contemnimus?
942 2773 1018 2838 haec
1052 2791 1102 2836 me
1137 2771 1264 2836 interim

123 2879 284 2962 scripsisse
313 2879 482 2958 sruffeeerit,
507 2899 586 2962 quae
610 2879 697 2945 dune
721 2879 869 2945 cordibus
893 2879 987 2944 ualde
1010 2897 1112 2962 pauca
1135 2880 1265 2942 suntet

122 3005 212 3070 prope
240 2987 339 3061 nulla,
368 2985 470 3052 animo
496 2988 602 3051 autem
625 2988 692 3064 tuo,
717 2987 913 3069 quambene
937 2985 1023 3064 noui,
1047 2985 1139 3050 ualde
1162 2986 1265 3049 multa

122 3099 193 3157 sunt
223 3097 257 3158 et
287 3095 381 3159 ualde
412 3114 539 3179 magna.
570 3114 631 3160 uon
663 3094 747 3159 enim
778 3113 850 3160 mea
878 3097 960 3176 sunt,
990 3092 1045 3175 qui
1073 3091 1153 3156 nihil
1180 3111 1263 3168 sum,

84 3202 177 3265 anisi
210 3201 295 3283 quod
327 3205 457 3283 expecto
491 3200 738 3266 misericordiam
771 3200 831 3278 dei,
865 3199 921 3266 scd
952 3198 1054 3282 ipsius
1088 3198 1138 3262 dei
1167 3199 1264 3264 omni-

122 3307 269 3390 potentis,
293 3327 388 3390 quem
411 3306 556 3390 quisquis
579 3308 612 3372 in
635 3308 696 3373 hoc
720 3307 847 3372 saeculo
872 3305 1110 3388 comtempserit
1132 3309 1264 3388 patrem,

122 3414 261 3477 inueniet
282 3413 312 3478 in
336 3415 443 3478 futuro
467 3414 616 3480 iudicem.

157 3641 169 3694 l
189 3640 308 3695 medicos
327 3647 352 3706 (c
371 3658 430 3710 exp.
449 3658 483 3698 m.
494 3646 519 3708 1)
534 3641 572 3695 M
605 3641 622 3694 2
640 3641 844 3697 transmarinas.
864 3656 932 3696 corr.
951 3643 1011 3694 ml
1029 3639 1216 3693 transmarinis
1230 3639 1267 3692 M

124 3729 277 3784 tobiectos
293 3730 330 3784 M
418 3730 553 3783 conuincti
571 3729 603 3783 F
684 3730 790 3794 timere,
810 3745 878 3784 corr.
898 3745 934 3783 m.
951 3735 983 3782 ut
1001 3729 1060 3782 uid.
1081 3731 1099 3782 3
1117 3731 1218 3782 temere
1237 3727 1268 3780 F

155 3817 276 3874 indicare
293 3819 321 3874 R
411 3819 427 3872 6
446 3819 474 3872 in
493 3819 524 3872 in
537 3819 598 3886 fine
615 3835 681 3888 paq.
701 3834 753 3872 om.
773 3818 801 3871 P
889 3819 904 3871 7
928 3816 1011 3872 iidem
1035 3817 1095 3871 edd.
1114 3823 1227 3885 praeter
1247 3833 1264 3868 c

124 3906 189 3961 ilua
206 3907 390 3962 demonstrare
409 3908 437 3961 P
453 3907 514 3962 edd.
582 3908 614 3962 lo
634 3906 830 3978 praecederunt
847 3907 885 3960 M
953 3923 1017 3972 non,
1036 3909 1102 3960 an.2
1120 3909 1148 3958 et
1166 3921 1221 3958 non
1239 3905 1268 3956 P

128 3998 155 4048 ll
175 3997 408 4052 multisleelerati
424 3995 461 4050 M
532 3997 565 4051 13
585 3995 797 4051 conscenderent
816 3995 932 4051 MFAP
948 3995 1028 4066 (coer.
1048 3994 1264 4059 conscinderent)

128 4086 159 4138 14
174 4085 254 4148 falsa,
273 4089 336 4140 m.2
354 4086 437 4140 falsas
455 4086 483 4139 P
578 4087 611 4140 16
631 4087 678 4155 qui
695 4085 732 4138 M
749 4068 825 4152 (Μ
844 4085 907 4155 que)
926 4084 956 4137 F
972 4086 1051 4154 (corr.
1070 4100 1104 4139 m.
1123 4089 1155 4136 ut
1172 4082 1266 4136 aid]

128 4179 203 4240 quae)
222 4190 284 4243 qua
301 4177 369 4228 Μ
387 4190 454 4243 qnae
472 4175 500 4228 P
586 4174 621 4229 20
641 4179 759 4240 aeterna,
778 4177 844 4227 m.2
862 4177 972 4228 aeterna
990 4173 1017 4228 R
1120 4175 1212 4241 ptuam
1231 4172 1269 4225 M

128 4265 242 4330 petuam,
262 4278 329 4320 corr.
348 4267 554 4332 m.1ppetuam
572 4263 602 4316 F
652 4265 686 4316 21
705 4263 867 4331 cognatione
886 4261 946 4318 edd.
961 4268 1110 4331 praetera
1165 4261 1200 4314 22
1220 4277 1265 4314 su·

129 4349 212 4402 licerit
228 4349 264 4402 M
281 4351 411 4405 sufficerit
428 4350 459 4404 F
473 4347 609 4405 sufficeret
627 4351 654 4406 R
