3092 5217
425 443 690 512 epistularum
717 443 811 497 LXIV.
840 443 919 498 LXV.
1179 447 1243 510 233

112 637 169 702 cani
194 636 304 701 diuino
333 637 418 720 apud
442 655 476 701 se
500 638 720 702 commendato
744 639 972 715 interuenisse,
994 639 1042 704 ita
1064 644 1101 705 ut
1123 641 1244 706 nullam

112 744 170 808 inde
200 748 312 826 posset
342 745 538 827 probabilem
571 745 700 810 reddere
732 746 895 812 rationem.
934 747 1045 812 deinde
1078 747 1244 812 conuictus

113 855 194 933 atque
225 851 393 918 confessus
425 856 475 916 est
507 852 557 916 die
590 853 700 917 ieiunii
732 855 846 918 natalis
880 852 1009 933 domim,
1048 873 1110 936 quo
1149 854 1245 916 etiam

115 956 270 1040 Gippitana
302 960 439 1024 ecclesia
470 959 555 1024 sicut
587 964 708 1025 ceterae
745 961 935 1038 minuebant,
973 979 1046 1024 cum
1082 965 1245 1042 tamqnam

91 1067 298 1144 sponseturus
330 1065 371 1129 ad
403 1065 569 1130 ecclesiam
602 1085 692 1130 suam
725 1066 818 1130 ‘nale'
850 1066 982 1130 fecisset
1012 1066 1152 1149 collegae
1186 1085 1244 1130 suo

114 1170 282 1252 presbytero
321 1169 503 1254 Gippitana
540 1173 617 1237 hora
652 1173 751 1237 ferme
793 1173 913 1255 quinta,
951 1175 984 1236 et
1022 1192 1095 1236 curn
1137 1190 1246 1236 secum

115 1276 223 1341 nullum
254 1277 407 1341 clericum
438 1279 578 1357 haberet,
607 1280 639 1344 in
669 1279 779 1345 eodem
807 1279 903 1344 fundo
927 1280 1085 1344 restitisse
1109 1283 1141 1343 et
1163 1279 1248 1362 apud

115 1385 256 1466 quandam
289 1385 392 1449 malae
422 1386 526 1452 famae
558 1388 725 1452 mulierem
753 1391 787 1452 et
814 1387 977 1469 prandisse
1006 1390 1037 1452 et
1064 1405 1192 1451 cenasse
1216 1388 1248 1448 et

114 1493 141 1555 in
175 1493 282 1556 eadem
323 1492 417 1559 domo
453 1494 620 1560 mansisse.
661 1496 693 1560 in
729 1495 826 1559 huius
864 1497 970 1559 autem
1008 1493 1147 1576 hospitio
1183 1493 1247 1556 iam

82 1597 230 1680 mquidem
262 1598 397 1664 clericus
428 1604 539 1665 noster
569 1600 797 1684 Hipponiensis
829 1605 971 1664 remotus
1005 1603 1085 1674 erat;
1124 1601 1157 1662 et
1187 1598 1248 1662 hoc

116 1705 179 1786 quia
197 1704 261 1770 iste
285 1706 405 1788 optime
428 1709 569 1786 nouerat,
593 1727 707 1791 negare
730 1726 791 1771 non
815 1707 933 1788 potuit,
955 1724 1026 1770 nam
1051 1725 1131 1788 quae
1154 1723 1248 1787 nege-

117 1811 247 1890 uitrico
277 1814 384 1879 dimisi
412 1814 567 1891 iudicans,
597 1834 677 1897 quae
705 1813 865 1878 occultare
892 1812 1067 1896 permissus
1095 1831 1155 1876 non
1189 1813 1247 1874 est.

117 1919 198 1983 timui
224 1920 255 1983 ei
283 1921 483 1985 committere
511 1922 680 1986 ecclesiam
706 1921 892 2002 praesertim
914 1920 996 1984 inter
1019 1911 1248 1983 haereticorum

118 2025 410 2091 circumlatrantium
437 2028 558 2092 rabiem
584 2027 800 2093 constitutam.
832 2029 960 2091 etcum
982 2043 1033 2090 me
1055 2027 1189 2109 rogaret,
1213 2026 1250 2088 ut

85 2157 105 2194 o
118 2131 151 2193 ad
170 2132 385 2216 presbyterum
409 2134 500 2198 fundi
521 2134 780 2199 Armenianensis
803 2135 833 2198 tn
859 2151 970 2215 campo
993 2131 1148 2210 Bullensi‚
1167 2131 1250 2194 unde

119 2239 152 2302 ad
179 2259 233 2304 nos
267 2239 449 2318 deuenerat,
482 2260 580 2306 causa
610 2242 680 2306 eius
712 2242 874 2306 insinuata
905 2241 1028 2304 litteras
1062 2239 1178 2314 darem,
1211 2257 1249 2301 ne

120 2345 185 2426 quid
213 2347 251 2410 de
284 2348 341 2412 illo
375 2349 513 2412 atrocius
547 2349 773 2430 suspicaretur,
807 2351 844 2412 ut
875 2347 942 2410 illic
979 2347 1080 2423 uiuat,
1119 2345 1146 2408 si
1182 2343 1249 2408 fieri

119 2457 221 2531 potest,
245 2454 314 2518 sine
337 2453 443 2519 officio
466 2455 652 2538 presbyterii
676 2455 855 2524 correctior,
879 2452 1096 2518 misericordia
1114 2469 1250 2516 commo-

119 2562 164 2622 tus
189 2559 255 2625 feci.
288 2561 367 2626 haec
395 2567 502 2626 autem
530 2580 581 2626 me
608 2562 777 2644 praecipue
801 2559 985 2643 prudentiae
1008 2563 1082 2622 tuae
1105 2558 1250 2621 iutimare

86 2668 282 2747 noportebat,
307 2687 346 2732 ne
370 2668 477 2752 aliqua
500 2669 560 2733 tibi
582 2668 709 2733 fallacia
732 2668 926 2750 subreperet.

55 2777 70 2838 ‘2
156 2773 268 2838 Audiui
300 2780 408 2839 autem
441 2793 570 2841 causam
602 2776 682 2850 eius,
715 2793 789 2838 cum
822 2777 949 2838 centum
983 2771 1050 2836 dies
1079 2773 1186 2834 essent
1213 2769 1252 2832 ad

121 2879 301 2946 dominicum
338 2884 484 2965 paschae,
518 2883 572 2963 qui
603 2882 732 2946 futurus
766 2884 816 2944 est
843 2879 920 2944 VIII
952 2877 999 2943 Id.
1031 2877 1160 2960 Aprilis.
1194 2876 1253 2940 hoc

120 2990 235 3069 propter
265 2989 437 3054 concilium
469 2989 628 3053 insinuare
657 2987 766 3053 curaui
793 2985 1029 3051 uenerabilitati
1056 2987 1140 3062 tuas,
1169 2981 1255 3064 quod

122 3093 205 3157 etiam
230 3095 294 3176 ipsi
320 3115 383 3160 non
407 3096 521 3173 celaui,
545 3095 602 3160 sed
625 3095 653 3160 ei
677 3094 823 3171 fideliter,
850 3092 926 3175 quid
949 3091 1133 3156 institutum
1159 3091 1254 3167 esset,

87 3223 106 3259 e
121 3202 227 3281 aperui.
260 3202 344 3267 etsi
368 3203 450 3266 intra
472 3221 589 3268 annum
613 3220 741 3266 causam
766 3219 868 3274 suam,
894 3198 921 3262 si
945 3197 1026 3262 forte
1051 3196 1112 3262 sibi
1136 3194 1256 3277 aliquid

152 3378 163 3430 1
182 3375 278 3430 deuino
296 3376 324 3429 P
376 3378 393 3431 2
412 3382 505 3446 posset
524 3375 587 3430 inde
611 3374 639 3431 U
665 3420 673 3435 .
695 3376 713 3428 4
732 3375 889 3444 grippitans
908 3389 969 3426 curn
982 3387 1080 3440 poma
1098 3387 1155 3426 rao.
1173 3385 1257 3439 super

117 3471 194 3530 post.
212 3467 229 3520 1.
248 3465 276 3518 P
364 3469 381 3520 6
404 3466 559 3536 grippitano
582 3465 611 3517 P
633 3463 746 3533 giptano
770 3463 827 3516 VU
913 3463 928 3514 7
954 3461 1081 3515 clericum
1103 3459 1206 3513 nullum
1225 3457 1259 3511 Η

122 3554 330 3624 Spsandijdisse
349 3555 378 3607 P
393 3555 529 3625 pransisse
551 3552 695 3607 THRVU
784 3553 800 3605 9
818 3553 846 3605 in
866 3550 961 3604 eadem
980 3549 1059 3602 domo
1078 3547 1259 3615 imposturam

122 3643 253 3698 inuium
280 3649 308 3697 et
331 3646 361 3698 in
387 3661 419 3698 ea
449 3643 527 3697 domo
557 3641 635 3698 codd.
663 3642 692 3694 in
717 3657 772 3694 una
798 3641 877 3694 domo
903 3638 978 3706 edo.,·
1008 3638 1043 3705 cs.
1070 3654 1099 3704 p.
1130 3639 1198 3699 234,
1229 3639 1260 3688 11

124 3733 152 3786 111
168 3734 319 3804 ipponensis
344 3733 399 3787 VU
412 3732 597 3803 Hipponensis
617 3731 677 3787 cdd.
730 3731 760 3784 ll
783 3731 847 3798 quia
861 3745 912 3783 om.
926 3729 955 3781 P
1004 3728 1037 3780 12
1051 3726 1173 3779 iudicans
1188 3740 1258 3792 quse

123 3823 246 3876 occultare
264 3823 412 3892 permIssus
430 3839 485 3875 non
504 3821 558 3889 est]
578 3836 649 3888 quse
664 3819 800 3874 occultare
815 3818 961 3887 permissus
975 3833 1029 3869 non
1045 3817 1087 3868 est
1101 3812 1219 3867 iudIcaui
1233 3812 1262 3864 P

125 3909 152 3964 14
169 3911 412 3965 circumlustrantem
435 3909 579 3964 THRVU
650 3909 682 3962 15
700 3907 890 3977 presbiterium
914 3904 942 3960 U
1011 3901 1185 3958 armeniensis
1205 3899 1262 3954 PU

124 4000 329 4054 messanensis
347 3999 408 4053 edd.
479 3997 613 4052 buellensi
637 3996 692 4050 VU
743 3997 777 4050 16
798 3994 832 4048 ad
852 4011 899 4048 uos
923 3992 979 4048 VU
1032 3993 1063 4046 17
1083 3990 1213 4044 ettrotius
1234 3987 1262 4042 R

125 4087 275 4143 atotinsU
326 4088 358 4141 18
377 4088 507 4142 correctio
522 4086 550 4140 P
599 4087 632 4140 19
650 4085 812 4155 prudentiae
833 4086 895 4137 tuae
914 4082 1057 4152 praecipue
1071 4081 1099 4133 P
1145 4077 1258 4132 20111-

125 4178 214 4247 riperet
235 4176 378 4232 THRVU
428 4178 462 4232 22
482 4179 579 4230 octauo
598 4175 660 4228 idus
683 4173 828 4228 THRVU
843 4172 903 4226 edd.
918 4177 1065 4240 praeterr
1141 4167 1212 4236 aprii
1232 4166 1260 4219 P

126 4265 155 4317 24
172 4267 249 4320 etism
267 4283 320 4320 om.
339 4267 365 4318 P
443 4267 479 4335 qd
500 4267 545 4332 (=
564 4263 648 4333 quod)
667 4263 694 4316 P
784 4263 818 4316 25
838 4262 876 4330 et]
897 4264 963 4314 utm
1041 4273 1150 4312 causam
1168 4254 1253 4324 suam]

127 4371 194 4408 sunm
212 4355 261 4426 (cic
271 4359 292 4420 1)
315 4370 418 4407 causam
441 4354 467 4407 Τ
