<?xml version="1.0" encoding="UTF-8"?>
<!DOCTYPE html PUBLIC "-//W3C//DTD XHTML 1.0 Transitional//EN"
    "http://www.w3.org/TR/xhtml1/DTD/xhtml1-transitional.dtd">
<html xmlns="http://www.w3.org/1999/xhtml" xml:lang="en" lang="en">
 <head>
  <title>
</title>
<meta http-equiv="Content-Type" content="text/html;charset=utf-8" />
  <meta name='ocr-system' content='tesseract 3.04.00' />
  <meta name='ocr-capabilities' content='ocr_page ocr_carea ocr_par ocr_line ocrx_word'/>
</head>
<body>
  <div class='ocr_page' id='page_1' title='image "./corpusscriptoru06wissgoog_0432.png"; bbox 0 0 3092 5217; ppageno 0'>
   <div class='ocr_carea' id='block_1_1' title="bbox 302 488 1094 558">
    <p class='ocr_par' dir='ltr' id='par_1_1' title="bbox 302 488 1094 558">
     <span class='ocr_line' id='line_1_1' title="bbox 302 488 1094 558; baseline -0.008 -10"><span class='ocrx_word' id='word_1_1' title='bbox 302 493 365 555; x_wconf 86' lang='lat'><strong>418</strong></span> <span class='ocrx_word' id='word_1_2' title='bbox 651 490 677 542; x_wconf 86' lang='lat' dir='ltr'><strong>S.</strong></span> <span class='ocrx_word' id='word_1_3' title='bbox 706 488 843 543; x_wconf 78' lang='lat' dir='ltr'><strong>Aureli</strong></span> <span class='ocrx_word' id='word_1_4' title='bbox 872 488 1094 558; x_wconf 83' lang='lat' dir='ltr'><strong>Augustini</strong></span> 
     </span>
    </p>
   </div>
   <div class='ocr_carea' id='block_1_2' title="bbox 249 683 1507 3221">
    <p class='ocr_par' dir='ltr' id='par_1_2' title="bbox 301 683 1430 768">
     <span class='ocr_line' id='line_1_2' title="bbox 301 683 1430 768; baseline 0.002 -21"><span class='ocrx_word' id='word_1_5' title='bbox 301 688 333 747; x_wconf 90' lang='lat' dir='ltr'><strong>et</strong></span> <span class='ocrx_word' id='word_1_6' title='bbox 359 685 579 749; x_wconf 80' lang='lat' dir='ltr'><strong>Praetextatus</strong></span> <span class='ocrx_word' id='word_1_7' title='bbox 607 683 816 749; x_wconf 74' lang='lat' dir='ltr'><strong>Assalitanus</strong></span> <span class='ocrx_word' id='word_1_8' title='bbox 850 702 905 765; x_wconf 89' lang='lat' dir='ltr'><strong>per</strong></span> <span class='ocrx_word' id='word_1_9' title='bbox 936 688 1002 748; x_wconf 90' lang='lat' dir='ltr'><strong>tam</strong></span> <span class='ocrx_word' id='word_1_10' title='bbox 1034 684 1166 767; x_wconf 85' lang='lat' dir='ltr'><strong>longum</strong></span> <span class='ocrx_word' id='word_1_11' title='bbox 1195 687 1320 766; x_wconf 89' lang='lat' dir='ltr'><strong>tempus</strong></span> <span class='ocrx_word' id='word_1_12' title='bbox 1345 685 1430 768; x_wconf 88' lang='lat' dir='ltr'><strong>bapti-</strong></span> 
     </span>
    </p>

    <p class='ocr_par' dir='ltr' id='par_1_3' title="bbox 300 790 1431 874">
     <span class='ocr_line' id='line_1_3' title="bbox 300 790 1431 874; baseline 0.002 -19"><span class='ocrx_word' id='word_1_13' title='bbox 300 794 459 869; x_wconf 83' lang='lat' dir='ltr'><strong>zauerant,</strong></span> <span class='ocrx_word' id='word_1_14' title='bbox 493 791 616 873; x_wconf 90' lang='lat' dir='ltr'><strong>quando</strong></span> <span class='ocrx_word' id='word_1_15' title='bbox 650 809 705 855; x_wconf 86' lang='lat' dir='ltr'><strong>eos</strong></span> <span class='ocrx_word' id='word_1_16' title='bbox 733 810 790 873; x_wconf 90' lang='lat' dir='ltr'><strong>per</strong></span> <span class='ocrx_word' id='word_1_17' title='bbox 816 791 958 855; x_wconf 91' lang='lat' dir='ltr'><strong>iudicum</strong></span> <span class='ocrx_word' id='word_1_18' title='bbox 986 790 1076 857; x_wconf 88' lang='lat' dir='ltr'><strong>iussa</strong></span> <span class='ocrx_word' id='word_1_19' title='bbox 1104 790 1142 855; x_wconf 90' lang='lat' dir='ltr'><strong>de</strong></span> <span class='ocrx_word' id='word_1_20' title='bbox 1169 791 1309 857; x_wconf 80' lang='lat' dir='ltr'><strong>basilicis</strong></span> <span class='ocrx_word' id='word_1_21' title='bbox 1331 794 1431 874; x_wconf 84' lang='lat' dir='ltr'><strong>pellere</strong></span> 
     </span>
    </p>

    <p class='ocr_par' dir='ltr' id='par_1_4' title="bbox 301 897 1433 981">
     <span class='ocr_line' id='line_1_4' title="bbox 301 897 1433 981; baseline 0.003 -20"><span class='ocrx_word' id='word_1_22' title='bbox 301 897 509 976; x_wconf 85' lang='lat' dir='ltr'><strong>conabamini,</strong></span> <span class='ocrx_word' id='word_1_23' title='bbox 552 898 627 981; x_wconf 92' lang='lat' dir='ltr'><strong>quia</strong></span> <span class='ocrx_word' id='word_1_24' title='bbox 663 897 853 962; x_wconf 83' lang='lat' dir='ltr'><strong>Maximiano</strong></span> <span class='ocrx_word' id='word_1_25' title='bbox 897 898 1181 975; x_wconf 82' lang='lat' dir='ltr'><strong>communicabant,</strong></span> <span class='ocrx_word' id='word_1_26' title='bbox 1224 916 1295 962; x_wconf 90' lang='lat' dir='ltr'><strong>cum</strong></span> <span class='ocrx_word' id='word_1_27' title='bbox 1333 918 1387 981; x_wconf 92' lang='lat' dir='ltr'><strong>quo</strong></span> <span class='ocrx_word' id='word_1_28' title='bbox 1419 921 1433 963; x_wconf 89' lang='lat' dir='ltr'><strong>a</strong></span> 
     </span>
    </p>

    <p class='ocr_par' dir='ltr' id='par_1_5' title="bbox 300 1004 1507 1087">
     <span class='ocr_line' id='line_1_5' title="bbox 300 1004 1507 1087; baseline 0.001 -18"><span class='ocrx_word' id='word_1_29' title='bbox 300 1004 393 1070; x_wconf 89' lang='lat' dir='ltr'><strong>uobis</strong></span> <span class='ocrx_word' id='word_1_30' title='bbox 426 1006 458 1069; x_wconf 91' lang='lat' dir='ltr'><strong>in</strong></span> <span class='ocrx_word' id='word_1_31' title='bbox 492 1004 625 1070; x_wconf 87' lang='lat' dir='ltr'><strong>concilio</strong></span> <span class='ocrx_word' id='word_1_32' title='bbox 654 1005 829 1087; x_wconf 83' lang='lat' dir='ltr'><strong>Bagaitano</strong></span> <span class='ocrx_word' id='word_1_33' title='bbox 859 1023 1004 1086; x_wconf 87' lang='lat' dir='ltr'><strong>expresse</strong></span> <span class='ocrx_word' id='word_1_34' title='bbox 1032 1004 1279 1087; x_wconf 82' lang='lat' dir='ltr'><strong>nominatimque</strong></span> <span class='ocrx_word' id='word_1_35' title='bbox 1311 1006 1432 1070; x_wconf 87' lang='lat' dir='ltr'><strong>damnati</strong></span> <span class='ocrx_word' id='word_1_36' title='bbox 1506 1010 1507 1081; x_wconf 82' lang='lat' dir='ltr'><strong>l</strong></span> 
     </span>
    </p>

    <p class='ocr_par' dir='ltr' id='par_1_6' title="bbox 300 1086 1507 2029">
     <span class='ocr_line' id='line_1_6' title="bbox 301 1086 1507 1195; baseline 0.002 -20"><span class='ocrx_word' id='word_1_37' title='bbox 301 1115 386 1176; x_wconf 86' lang='lat' dir='ltr'><strong>sunt.</strong></span> <span class='ocrx_word' id='word_1_38' title='bbox 411 1130 491 1193; x_wconf 90' lang='lat' dir='ltr'><strong>quae</strong></span> <span class='ocrx_word' id='word_1_39' title='bbox 515 1111 621 1176; x_wconf 91' lang='lat' dir='ltr'><strong>omnia</strong></span> <span class='ocrx_word' id='word_1_40' title='bbox 645 1110 746 1195; x_wconf 83' lang='lat' dir='ltr'><strong>gestis</strong></span> <span class='ocrx_word' id='word_1_41' title='bbox 769 1110 973 1176; x_wconf 87' lang='lat' dir='ltr'><strong>iudicialibus</strong></span> <span class='ocrx_word' id='word_1_42' title='bbox 999 1116 1031 1175; x_wconf 89' lang='lat' dir='ltr'><strong>et</strong></span> <span class='ocrx_word' id='word_1_43' title='bbox 1053 1111 1300 1193; x_wconf 83' lang='lat' dir='ltr'><strong>municipalibus</strong></span> <span class='ocrx_word' id='word_1_44' title='bbox 1324 1111 1466 1177; x_wconf 73' lang='lat' dir='ltr'><strong>demon-⁵</strong></span> <span class='ocrx_word' id='word_1_45' title='bbox 1506 1086 1507 1177; x_wconf 80' lang='lat' dir='ltr'><strong>l</strong></span> 
     </span>
     <span class='ocr_line' id='line_1_7' title="bbox 302 1216 1435 1303; baseline 0 -20"><span class='ocrx_word' id='word_1_46' title='bbox 302 1222 450 1294; x_wconf 87' lang='lat' dir='ltr'><strong>stramus,</strong></span> <span class='ocrx_word' id='word_1_47' title='bbox 488 1218 544 1282; x_wconf 92' lang='lat' dir='ltr'><strong>ubi</strong></span> <span class='ocrx_word' id='word_1_48' title='bbox 582 1222 615 1283; x_wconf 91' lang='lat' dir='ltr'><strong>et</strong></span> <span class='ocrx_word' id='word_1_49' title='bbox 650 1219 757 1299; x_wconf 89' lang='lat' dir='ltr'><strong>ipsum</strong></span> <span class='ocrx_word' id='word_1_50' title='bbox 790 1216 960 1281; x_wconf 91' lang='lat' dir='ltr'><strong>concilium</strong></span> <span class='ocrx_word' id='word_1_51' title='bbox 994 1220 1136 1283; x_wconf 87' lang='lat' dir='ltr'><strong>uestnrm</strong></span> <span class='ocrx_word' id='word_1_52' title='bbox 1169 1218 1340 1303; x_wconf 83' lang='lat' dir='ltr'><strong>allegastis,</strong></span> <span class='ocrx_word' id='word_1_53' title='bbox 1371 1219 1435 1283; x_wconf 89' lang='lat' dir='ltr'><strong>dum</strong></span> 
     </span>
     <span class='ocr_line' id='line_1_8' title="bbox 301 1314 1507 1406; baseline -0.002 -16"><span class='ocrx_word' id='word_1_54' title='bbox 301 1326 402 1390; x_wconf 89' lang='lat' dir='ltr'><strong>uultis</strong></span> <span class='ocrx_word' id='word_1_55' title='bbox 440 1325 601 1390; x_wconf 91' lang='lat' dir='ltr'><strong>iudicibus</strong></span> <span class='ocrx_word' id='word_1_56' title='bbox 639 1324 816 1401; x_wconf 87' lang='lat' dir='ltr'><strong>ostendere,</strong></span> <span class='ocrx_word' id='word_1_57' title='bbox 855 1324 940 1406; x_wconf 91' lang='lat' dir='ltr'><strong>quod</strong></span> <span class='ocrx_word' id='word_1_58' title='bbox 983 1324 1206 1389; x_wconf 86' lang='lat' dir='ltr'><strong>schismaticos</strong></span> <span class='ocrx_word' id='word_1_59' title='bbox 1249 1328 1367 1391; x_wconf 89' lang='lat' dir='ltr'><strong>uestros</strong></span> <span class='ocrx_word' id='word_1_60' title='bbox 1404 1326 1434 1389; x_wconf 91' lang='lat' dir='ltr'><strong>de</strong></span> <span class='ocrx_word' id='word_1_61' title='bbox 1506 1314 1507 1363; x_wconf 67' lang='lat' dir='ltr'><strong>l</strong></span> 
     </span>
     <span class='ocr_line' id='line_1_9' title="bbox 300 1430 1434 1514; baseline -0.002 -17"><span class='ocrx_word' id='word_1_62' title='bbox 300 1432 443 1498; x_wconf 86' lang='lat' dir='ltr'><strong>basilicis</strong></span> <span class='ocrx_word' id='word_1_63' title='bbox 467 1430 639 1513; x_wconf 88' lang='lat' dir='ltr'><strong>pelleretis.</strong></span> <span class='ocrx_word' id='word_1_64' title='bbox 665 1434 838 1511; x_wconf 86' lang='lat' dir='ltr'><strong>ettamen,</strong></span> <span class='ocrx_word' id='word_1_65' title='bbox 863 1432 918 1514; x_wconf 91' lang='lat' dir='ltr'><strong>qui</strong></span> <span class='ocrx_word' id='word_1_66' title='bbox 941 1432 980 1495; x_wconf 89' lang='lat' dir='ltr'><strong>ab</strong></span> <span class='ocrx_word' id='word_1_67' title='bbox 1003 1432 1074 1513; x_wconf 85' lang='lat' dir='ltr'><strong>ipso</strong></span> <span class='ocrx_word' id='word_1_68' title='bbox 1099 1433 1219 1497; x_wconf 89' lang='lat' dir='ltr'><strong>semine</strong></span> <span class='ocrx_word' id='word_1_69' title='bbox 1243 1432 1388 1511; x_wconf 80' lang='lat' dir='ltr'><strong>Abrahae,</strong></span> <span class='ocrx_word' id='word_1_70' title='bbox 1408 1434 1434 1496; x_wconf 92' lang='lat' dir='ltr'><strong>in</strong></span> 
     </span>
     <span class='ocr_line' id='line_1_10' title="bbox 302 1536 1435 1622; baseline -0.002 -20"><span class='ocrx_word' id='word_1_71' title='bbox 302 1557 364 1621; x_wconf 90' lang='lat' dir='ltr'><strong>quo</strong></span> <span class='ocrx_word' id='word_1_72' title='bbox 399 1556 535 1604; x_wconf 91' lang='lat' dir='ltr'><strong>omnes</strong></span> <span class='ocrx_word' id='word_1_73' title='bbox 571 1540 711 1622; x_wconf 87' lang='lat' dir='ltr'><strong>gentes</strong></span> <span class='ocrx_word' id='word_1_74' title='bbox 743 1536 1055 1613; x_wconf 87' lang='lat' dir='ltr'><strong>benedicuntur,</strong></span> <span class='ocrx_word' id='word_1_75' title='bbox 1088 1537 1230 1601; x_wconf 87' lang='lat' dir='ltr'><strong>schisma</strong></span> <span class='ocrx_word' id='word_1_76' title='bbox 1256 1538 1383 1615; x_wconf 84' lang='lat' dir='ltr'><strong>fecistis,</strong></span> <span class='ocrx_word' id='word_1_77' title='bbox 1405 1537 1435 1600; x_wconf 87' lang='lat' dir='ltr'><strong>de</strong></span> 
     </span>
     <span class='ocr_line' id='line_1_11' title="bbox 301 1643 1468 1727; baseline -0.003 -18"><span class='ocrx_word' id='word_1_78' title='bbox 301 1644 444 1709; x_wconf 88' lang='lat' dir='ltr'><strong>basilicis</strong></span> <span class='ocrx_word' id='word_1_79' title='bbox 476 1644 554 1725; x_wconf 91' lang='lat' dir='ltr'><strong>pelli</strong></span> <span class='ocrx_word' id='word_1_80' title='bbox 586 1663 646 1709; x_wconf 90' lang='lat' dir='ltr'><strong>non</strong></span> <span class='ocrx_word' id='word_1_81' title='bbox 675 1644 777 1708; x_wconf 91' lang='lat' dir='ltr'><strong>uultis</strong></span> <span class='ocrx_word' id='word_1_82' title='bbox 805 1663 866 1708; x_wconf 92' lang='lat' dir='ltr'><strong>non</strong></span> <span class='ocrx_word' id='word_1_83' title='bbox 894 1662 951 1727; x_wconf 90' lang='lat' dir='ltr'><strong>per</strong></span> <span class='ocrx_word' id='word_1_84' title='bbox 972 1643 1106 1721; x_wconf 88' lang='lat' dir='ltr'><strong>iudices,</strong></span> <span class='ocrx_word' id='word_1_85' title='bbox 1131 1644 1217 1709; x_wconf 87' lang='lat' dir='ltr'><strong>sicut</strong></span> <span class='ocrx_word' id='word_1_86' title='bbox 1241 1644 1435 1709; x_wconf 83' lang='lat' dir='ltr'><strong>schismaticis</strong></span> <span class='ocrx_word' id='word_1_87' title='bbox 1451 1670 1468 1705; x_wconf 81' lang='lat' dir='ltr'><strong>o</strong></span> 
     </span>
     <span class='ocr_line' id='line_1_12' title="bbox 301 1750 1436 1835; baseline -0.003 -19"><span class='ocrx_word' id='word_1_88' title='bbox 301 1751 418 1816; x_wconf 87' lang='lat' dir='ltr'><strong>uestris</strong></span> <span class='ocrx_word' id='word_1_89' title='bbox 442 1770 501 1815; x_wconf 93' lang='lat' dir='ltr'><strong>uos</strong></span> <span class='ocrx_word' id='word_1_90' title='bbox 524 1750 658 1827; x_wconf 81' lang='lat' dir='ltr'><strong>lecistis,</strong></span> <span class='ocrx_word' id='word_1_91' title='bbox 683 1751 739 1816; x_wconf 89' lang='lat' dir='ltr'><strong>sed</strong></span> <span class='ocrx_word' id='word_1_92' title='bbox 761 1770 819 1833; x_wconf 89' lang='lat' dir='ltr'><strong>per</strong></span> <span class='ocrx_word' id='word_1_93' title='bbox 840 1750 929 1835; x_wconf 90' lang='lat' dir='ltr'><strong>ipsos</strong></span> <span class='ocrx_word' id='word_1_94' title='bbox 956 1770 1049 1835; x_wconf 81' lang='lat' dir='ltr'><strong>reges</strong></span> <span class='ocrx_word' id='word_1_95' title='bbox 1073 1754 1184 1830; x_wconf 88' lang='lat' dir='ltr'><strong>terrae,</strong></span> <span class='ocrx_word' id='word_1_96' title='bbox 1213 1752 1271 1835; x_wconf 91' lang='lat' dir='ltr'><strong>qui</strong></span> <span class='ocrx_word' id='word_1_97' title='bbox 1297 1752 1436 1835; x_wconf 86' lang='lat' dir='ltr'><strong>completa</strong></span> 
     </span>
     <span class='ocr_line' id='line_1_13' title="bbox 301 1856 1436 1941; baseline 0 -20"><span class='ocrx_word' id='word_1_98' title='bbox 301 1858 467 1941; x_wconf 81' lang='lat' dir='ltr'><strong>prophetia</strong></span> <span class='ocrx_word' id='word_1_99' title='bbox 504 1856 667 1923; x_wconf 80' lang='lat' dir='ltr'><strong>Christum</strong></span> <span class='ocrx_word' id='word_1_100' title='bbox 706 1858 848 1936; x_wconf 89' lang='lat' dir='ltr'><strong>adorant,</strong></span> <span class='ocrx_word' id='word_1_101' title='bbox 881 1858 965 1941; x_wconf 92' lang='lat' dir='ltr'><strong>apud</strong></span> <span class='ocrx_word' id='word_1_102' title='bbox 1003 1877 1083 1940; x_wconf 91' lang='lat' dir='ltr'><strong>quos</strong></span> <span class='ocrx_word' id='word_1_103' title='bbox 1117 1858 1332 1923; x_wconf 84' lang='lat' dir='ltr'><strong>Caecilianum</strong></span> <span class='ocrx_word' id='word_1_104' title='bbox 1360 1877 1436 1922; x_wconf 85' lang='lat' dir='ltr'><strong>accu-</strong></span> 
     </span>
     <span class='ocr_line' id='line_1_14' title="bbox 302 1964 725 2029; baseline -0.005 0"><span class='ocrx_word' id='word_1_105' title='bbox 302 1967 410 2029; x_wconf 88' lang='lat' dir='ltr'><strong>santes</strong></span> <span class='ocrx_word' id='word_1_106' title='bbox 433 1964 512 2028; x_wconf 88' lang='lat' dir='ltr'><strong>uicti</strong></span> <span class='ocrx_word' id='word_1_107' title='bbox 534 1964 725 2029; x_wconf 88' lang='lat' dir='ltr'><strong>recessistis.</strong></span> 
     </span>
    </p>

    <p class='ocr_par' dir='ltr' id='par_1_7' title="bbox 249 2068 1507 3329">
     <span class='ocr_line' id='line_1_15' title="bbox 249 2068 1436 2151; baseline 0.004 -22"><span class='ocrx_word' id='word_1_108' title='bbox 249 2068 290 2129; x_wconf 87' lang='grc'><strong>12</strong></span> <span class='ocrx_word' id='word_1_109' title='bbox 348 2071 382 2136; x_wconf 88' lang='lat' dir='ltr'><strong>Si</strong></span> <span class='ocrx_word' id='word_1_110' title='bbox 419 2075 525 2136; x_wconf 91' lang='lat' dir='ltr'><strong>autem</strong></span> <span class='ocrx_word' id='word_1_111' title='bbox 558 2089 616 2136; x_wconf 90' lang='lat' dir='ltr'><strong>nec</strong></span> <span class='ocrx_word' id='word_1_112' title='bbox 649 2071 759 2136; x_wconf 91' lang='lat' dir='ltr'><strong>audire</strong></span> <span class='ocrx_word' id='word_1_113' title='bbox 792 2092 850 2137; x_wconf 89' lang='lat' dir='ltr'><strong>nec</strong></span> <span class='ocrx_word' id='word_1_114' title='bbox 882 2072 994 2137; x_wconf 86' lang='lat' dir='ltr'><strong>docere</strong></span> <span class='ocrx_word' id='word_1_115' title='bbox 1027 2092 1083 2138; x_wconf 92' lang='lat' dir='ltr'><strong>nos</strong></span> <span class='ocrx_word' id='word_1_116' title='bbox 1116 2072 1229 2151; x_wconf 89' lang='lat' dir='ltr'><strong>uultis,</strong></span> <span class='ocrx_word' id='word_1_117' title='bbox 1262 2072 1365 2138; x_wconf 92' lang='lat' dir='ltr'><strong>uenite</strong></span> <span class='ocrx_word' id='word_1_118' title='bbox 1392 2078 1436 2135; x_wconf 87' lang='lat' dir='ltr'><strong>aut</strong></span> 
     </span>
     <span class='ocr_line' id='line_1_16' title="bbox 302 2177 1469 2263; baseline 0.002 -22"><span class='ocrx_word' id='word_1_119' title='bbox 302 2178 421 2242; x_wconf 90' lang='lat' dir='ltr'><strong>mittite</strong></span> <span class='ocrx_word' id='word_1_120' title='bbox 458 2177 622 2244; x_wconf 90' lang='lat' dir='ltr'><strong>nobiscum</strong></span> <span class='ocrx_word' id='word_1_121' title='bbox 662 2178 694 2242; x_wconf 91' lang='lat' dir='ltr'><strong>in</strong></span> <span class='ocrx_word' id='word_1_122' title='bbox 731 2180 893 2263; x_wconf 88' lang='lat' dir='ltr'><strong>regionem</strong></span> <span class='ocrx_word' id='word_1_123' title='bbox 925 2180 1202 2263; x_wconf 88' lang='lat' dir='ltr'><strong>Hipponiensium,</strong></span> <span class='ocrx_word' id='word_1_124' title='bbox 1236 2180 1291 2262; x_wconf 92' lang='lat' dir='ltr'><strong>qui</strong></span> <span class='ocrx_word' id='word_1_125' title='bbox 1325 2179 1436 2244; x_wconf 87' lang='lat' dir='ltr'><strong>uideant</strong></span> <span class='ocrx_word' id='word_1_126' title='bbox 1451 2200 1469 2236; x_wconf 78' lang='lat' dir='ltr'><strong>a</strong></span> 
     </span>
     <span class='ocr_line' id='line_1_17' title="bbox 304 2284 1436 2367; baseline -0.002 -18"><span class='ocrx_word' id='word_1_127' title='bbox 304 2286 460 2349; x_wconf 89' lang='lat' dir='ltr'><strong>armatum</strong></span> <span class='ocrx_word' id='word_1_128' title='bbox 493 2284 666 2348; x_wconf 89' lang='lat' dir='ltr'><strong>exercitum</strong></span> <span class='ocrx_word' id='word_1_129' title='bbox 699 2288 854 2362; x_wconf 91' lang='lat' dir='ltr'><strong>uestrum,</strong></span> <span class='ocrx_word' id='word_1_130' title='bbox 889 2285 1037 2367; x_wconf 89' lang='lat' dir='ltr'><strong>quamuis</strong></span> <span class='ocrx_word' id='word_1_131' title='bbox 1064 2285 1172 2349; x_wconf 89' lang='lat' dir='ltr'><strong>nullus</strong></span> <span class='ocrx_word' id='word_1_132' title='bbox 1200 2285 1294 2349; x_wconf 90' lang='lat' dir='ltr'><strong>miles</strong></span> <span class='ocrx_word' id='word_1_133' title='bbox 1323 2302 1436 2351; x_wconf 86' lang='lat' dir='ltr'><strong>numero</strong></span> 
     </span>
     <span class='ocr_line' id='line_1_18' title="bbox 304 2391 1507 2491; baseline -0.002 -36"><span class='ocrx_word' id='word_1_134' title='bbox 304 2409 463 2456; x_wconf 88' lang='lat' dir='ltr'><strong>armorum</strong></span> <span class='ocrx_word' id='word_1_135' title='bbox 486 2410 617 2456; x_wconf 88' lang='lat' dir='ltr'><strong>suorum</strong></span> <span class='ocrx_word' id='word_1_136' title='bbox 641 2393 760 2455; x_wconf 88' lang='lat' dir='ltr'><strong>calcem</strong></span> <span class='ocrx_word' id='word_1_137' title='bbox 785 2394 816 2455; x_wconf 84' lang='lat' dir='ltr'><strong>et</strong></span> <span class='ocrx_word' id='word_1_138' title='bbox 839 2394 966 2456; x_wconf 88' lang='lat' dir='ltr'><strong>acetum</strong></span> <span class='ocrx_word' id='word_1_139' title='bbox 990 2391 1113 2455; x_wconf 85' lang='lat' dir='ltr'><strong>addidit</strong></span> <span class='ocrx_word' id='word_1_140' title='bbox 1140 2392 1179 2455; x_wconf 89' lang='lat' dir='ltr'><strong>ad</strong></span> <span class='ocrx_word' id='word_1_141' title='bbox 1207 2392 1318 2457; x_wconf 91' lang='lat' dir='ltr'><strong>oculos</strong></span> <span class='ocrx_word' id='word_1_142' title='bbox 1343 2391 1436 2455; x_wconf 85' lang='lat' dir='ltr'><strong>barba-</strong></span> <span class='ocrx_word' id='word_1_143' title='bbox 1506 2470 1507 2491; x_wconf 13' lang='grc' dir='ltr'><strong>Χ</strong></span> 
     </span>
     <span class='ocr_line' id='line_1_19' title="bbox 302 2496 1436 2579; baseline -0.002 -18"><span class='ocrx_word' id='word_1_144' title='bbox 302 2518 420 2563; x_wconf 87' lang='lat' dir='ltr'><strong>rorum.</strong></span> <span class='ocrx_word' id='word_1_145' title='bbox 454 2498 482 2562; x_wconf 91' lang='lat' dir='ltr'><strong>si</strong></span> <span class='ocrx_word' id='word_1_146' title='bbox 510 2518 612 2579; x_wconf 89' lang='lat' dir='ltr'><strong>neque</strong></span> <span class='ocrx_word' id='word_1_147' title='bbox 640 2498 701 2562; x_wconf 94' lang='lat' dir='ltr'><strong>hoc</strong></span> <span class='ocrx_word' id='word_1_148' title='bbox 728 2496 841 2576; x_wconf 90' lang='lat' dir='ltr'><strong>uultis,</strong></span> <span class='ocrx_word' id='word_1_149' title='bbox 872 2499 984 2563; x_wconf 89' lang='lat' dir='ltr'><strong>saltem</strong></span> <span class='ocrx_word' id='word_1_150' title='bbox 1009 2498 1137 2563; x_wconf 89' lang='lat' dir='ltr'><strong>scribite</strong></span> <span class='ocrx_word' id='word_1_151' title='bbox 1161 2498 1200 2563; x_wconf 90' lang='lat' dir='ltr'><strong>ad</strong></span> <span class='ocrx_word' id='word_1_152' title='bbox 1224 2498 1308 2575; x_wconf 87' lang='lat' dir='ltr'><strong>illos,</strong></span> <span class='ocrx_word' id='word_1_153' title='bbox 1331 2501 1367 2563; x_wconf 90' lang='lat' dir='ltr'><strong>ut</strong></span> <span class='ocrx_word' id='word_1_154' title='bbox 1384 2498 1436 2560; x_wconf 87' lang='lat' dir='ltr'><strong>iam</strong></span> 
     </span>
     <span class='ocr_line' id='line_1_20' title="bbox 303 2602 1507 2689; baseline -0.002 -21"><span class='ocrx_word' id='word_1_155' title='bbox 303 2605 366 2669; x_wconf 89' lang='lat' dir='ltr'><strong>ista</strong></span> <span class='ocrx_word' id='word_1_156' title='bbox 393 2623 454 2669; x_wconf 93' lang='lat' dir='ltr'><strong>non</strong></span> <span class='ocrx_word' id='word_1_157' title='bbox 482 2604 608 2682; x_wconf 84' lang='lat' dir='ltr'><strong>faciant,</strong></span> <span class='ocrx_word' id='word_1_158' title='bbox 637 2608 675 2669; x_wconf 92' lang='lat' dir='ltr'><strong>ut</strong></span> <span class='ocrx_word' id='word_1_159' title='bbox 701 2604 765 2668; x_wconf 91' lang='lat' dir='ltr'><strong>iam</strong></span> <span class='ocrx_word' id='word_1_160' title='bbox 795 2624 829 2669; x_wconf 91' lang='lat' dir='ltr'><strong>se</strong></span> <span class='ocrx_word' id='word_1_161' title='bbox 854 2624 872 2669; x_wconf 89' lang='lat' dir='ltr'><strong>a</strong></span> <span class='ocrx_word' id='word_1_162' title='bbox 895 2604 1046 2670; x_wconf 87' lang='lat' dir='ltr'><strong>caedibus</strong></span> <span class='ocrx_word' id='word_1_163' title='bbox 1070 2606 1197 2682; x_wconf 89' lang='lat' dir='ltr'><strong>nostris,</strong></span> <span class='ocrx_word' id='word_1_164' title='bbox 1222 2624 1241 2669; x_wconf 89' lang='lat' dir='ltr'><strong>a</strong></span> <span class='ocrx_word' id='word_1_165' title='bbox 1262 2605 1385 2689; x_wconf 87' lang='lat' dir='ltr'><strong>rapinis,</strong></span> <span class='ocrx_word' id='word_1_166' title='bbox 1405 2602 1435 2666; x_wconf 88' lang='lat' dir='ltr'><strong>ab</strong></span> <span class='ocrx_word' id='word_1_167' title='bbox 1506 2610 1507 2685; x_wconf 73' lang='lat' dir='ltr'><strong>l</strong></span> 
     </span>
     <span class='ocr_line' id='line_1_21' title="bbox 304 2711 1436 2795; baseline -0.002 -21"><span class='ocrx_word' id='word_1_168' title='bbox 304 2711 521 2775; x_wconf 81' lang='lat' dir='ltr'><strong>excaecatione</strong></span> <span class='ocrx_word' id='word_1_169' title='bbox 545 2712 756 2795; x_wconf 86' lang='lat' dir='ltr'><strong>compescant.</strong></span> <span class='ocrx_word' id='word_1_170' title='bbox 781 2711 931 2775; x_wconf 91' lang='lat' dir='ltr'><strong>nolumus</strong></span> <span class='ocrx_word' id='word_1_171' title='bbox 955 2711 1074 2776; x_wconf 89' lang='lat' dir='ltr'><strong>dicere:</strong></span> <span class='ocrx_word' id='word_1_172' title='bbox 1094 2711 1260 2776; x_wconf 83' lang='lat' dir='ltr'><strong>‘Damnate</strong></span> <span class='ocrx_word' id='word_1_173' title='bbox 1279 2711 1372 2785; x_wconf 80' lang='lat' dir='ltr'><strong>illos’3</strong></span> <span class='ocrx_word' id='word_1_174' title='bbox 1389 2728 1436 2773; x_wconf 88' lang='lat' dir='ltr'><strong>nos</strong></span> 
     </span>
     <span class='ocr_line' id='line_1_22' title="bbox 303 2815 1436 2901; baseline -0.002 -21"><span class='ocrx_word' id='word_1_175' title='bbox 303 2816 387 2881; x_wconf 89' lang='lat' dir='ltr'><strong>enim</strong></span> <span class='ocrx_word' id='word_1_176' title='bbox 426 2818 582 2897; x_wconf 89' lang='lat' dir='ltr'><strong>uideritis,</strong></span> <span class='ocrx_word' id='word_1_177' title='bbox 620 2837 682 2900; x_wconf 92' lang='lat' dir='ltr'><strong>quo</strong></span> <span class='ocrx_word' id='word_1_178' title='bbox 719 2818 814 2883; x_wconf 92' lang='lat' dir='ltr'><strong>modo</strong></span> <span class='ocrx_word' id='word_1_179' title='bbox 850 2836 910 2882; x_wconf 88' lang='lat' dir='ltr'><strong>uos</strong></span> <span class='ocrx_word' id='word_1_180' title='bbox 943 2835 1004 2883; x_wconf 90' lang='lat' dir='ltr'><strong>nou</strong></span> <span class='ocrx_word' id='word_1_181' title='bbox 1038 2818 1214 2901; x_wconf 87' lang='lat' dir='ltr'><strong>inquinent,</strong></span> <span class='ocrx_word' id='word_1_182' title='bbox 1248 2837 1327 2901; x_wconf 88' lang='lat' dir='ltr'><strong>quos</strong></span> <span class='ocrx_word' id='word_1_183' title='bbox 1357 2815 1436 2881; x_wconf 91' lang='lat' dir='ltr'><strong>modo</strong></span> 
     </span>
     <span class='ocr_line' id='line_1_23' title="bbox 305 2923 1507 3007; baseline -0.002 -20"><span class='ocrx_word' id='word_1_184' title='bbox 305 2923 500 2988; x_wconf 90' lang='lat' dir='ltr'><strong>ostendimus</strong></span> <span class='ocrx_word' id='word_1_185' title='bbox 523 2924 556 2988; x_wconf 91' lang='lat' dir='ltr'><strong>in</strong></span> <span class='ocrx_word' id='word_1_186' title='bbox 579 2929 687 2989; x_wconf 89' lang='lat' dir='ltr'><strong>uestra</strong></span> <span class='ocrx_word' id='word_1_187' title='bbox 710 2925 932 2990; x_wconf 90' lang='lat' dir='ltr'><strong>communione</strong></span> <span class='ocrx_word' id='word_1_188' title='bbox 956 2926 1105 3003; x_wconf 80' lang='lat' dir='ltr'><strong>latronse,</strong></span> <span class='ocrx_word' id='word_1_189' title='bbox 1134 2927 1166 2989; x_wconf 89' lang='lat' dir='ltr'><strong>et</strong></span> <span class='ocrx_word' id='word_1_190' title='bbox 1192 2944 1250 2989; x_wconf 88' lang='lat' dir='ltr'><strong>nos</strong></span> <span class='ocrx_word' id='word_1_191' title='bbox 1278 2924 1436 3007; x_wconf 89' lang='lat' dir='ltr'><strong>inquinent.</strong></span> <span class='ocrx_word' id='word_1_192' title='bbox 1506 2944 1507 3001; x_wconf 70' lang='lat' dir='ltr'><strong>q</strong></span> 
     </span>
     <span class='ocr_line' id='line_1_24' title="bbox 304 3030 1437 3115; baseline -0.003 -21"><span class='ocrx_word' id='word_1_193' title='bbox 304 3048 384 3111; x_wconf 89' lang='lat' dir='ltr'><strong>quos</strong></span> <span class='ocrx_word' id='word_1_194' title='bbox 408 3050 590 3113; x_wconf 58' lang='lat' dir='ltr'><strong>numquam*</strong></span> <span class='ocrx_word' id='word_1_195' title='bbox 604 3031 757 3115; x_wconf 86' lang='lat' dir='ltr'><strong>potuistis</strong></span> <span class='ocrx_word' id='word_1_196' title='bbox 782 3031 948 3097; x_wconf 89' lang='lat' dir='ltr'><strong>ostendere</strong></span> <span class='ocrx_word' id='word_1_197' title='bbox 970 3030 1150 3097; x_wconf 87' lang='lat' dir='ltr'><strong>traditores.</strong></span> <span class='ocrx_word' id='word_1_198' title='bbox 1175 3050 1211 3095; x_wconf 90' lang='lat' dir='ltr'><strong>ex</strong></span> <span class='ocrx_word' id='word_1_199' title='bbox 1235 3031 1285 3096; x_wconf 92' lang='lat' dir='ltr'><strong>his</strong></span> <span class='ocrx_word' id='word_1_200' title='bbox 1310 3030 1437 3097; x_wconf 86' lang='lat' dir='ltr'><strong>omnibns</strong></span> 
     </span>
     <span class='ocr_line' id='line_1_25' title="bbox 304 3136 1437 3221; baseline 0 -22"><span class='ocrx_word' id='word_1_201' title='bbox 304 3136 423 3219; x_wconf 85' lang='lat' dir='ltr'><strong>eligite,</strong></span> <span class='ocrx_word' id='word_1_202' title='bbox 448 3138 532 3221; x_wconf 92' lang='lat' dir='ltr'><strong>quod</strong></span> <span class='ocrx_word' id='word_1_203' title='bbox 555 3139 733 3203; x_wconf 88' lang='lat' dir='ltr'><strong>uolueritis.</strong></span> <span class='ocrx_word' id='word_1_204' title='bbox 766 3138 795 3203; x_wconf 92' lang='lat' dir='ltr'><strong>si</strong></span> <span class='ocrx_word' id='word_1_205' title='bbox 828 3142 934 3203; x_wconf 86' lang='lat' dir='ltr'><strong>autem</strong></span> <span class='ocrx_word' id='word_1_206' title='bbox 967 3138 1112 3220; x_wconf 88' lang='lat' dir='ltr'><strong>querelas</strong></span> <span class='ocrx_word' id='word_1_207' title='bbox 1144 3141 1271 3204; x_wconf 89' lang='lat' dir='ltr'><strong>nostras</strong></span> <span class='ocrx_word' id='word_1_208' title='bbox 1296 3141 1437 3215; x_wconf 89' lang='lat' dir='ltr'><strong>contemp·</strong></span> 
     </span>
    </p>
   </div>
   <div class='ocr_carea' id='block_1_3' title="bbox 304 3244 1507 3335">
    <p class='ocr_par' dir='ltr' id='par_1_8' title="bbox 304 3244 1507 3335">
     <span class='ocr_line' id='line_1_26' title="bbox 304 3244 1507 3335; baseline -0.002 -28"><span class='ocrx_word' id='word_1_209' title='bbox 304 3244 420 3322; x_wconf 85' lang='lat' dir='ltr'><strong>seritis,</strong></span> <span class='ocrx_word' id='word_1_210' title='bbox 444 3264 501 3309; x_wconf 90' lang='lat' dir='ltr'><strong>nos</strong></span> <span class='ocrx_word' id='word_1_211' title='bbox 533 3245 663 3309; x_wconf 88' lang='lat' dir='ltr'><strong>minime</strong></span> <span class='ocrx_word' id='word_1_212' title='bbox 696 3244 872 3326; x_wconf 89' lang='lat' dir='ltr'><strong>paenitebit</strong></span> <span class='ocrx_word' id='word_1_213' title='bbox 900 3244 1008 3309; x_wconf 88' lang='lat' dir='ltr'><strong>ordine</strong></span> <span class='ocrx_word' id='word_1_214' title='bbox 1031 3244 1161 3326; x_wconf 88' lang='lat' dir='ltr'><strong>pacifico</strong></span> <span class='ocrx_word' id='word_1_215' title='bbox 1187 3264 1279 3329; x_wconf 84' lang='lat' dir='ltr'><strong>agere</strong></span> <span class='ocrx_word' id='word_1_216' title='bbox 1303 3244 1436 3309; x_wconf 81' lang='lat' dir='ltr'><strong>uoluisse.</strong></span> <span class='ocrx_word' id='word_1_217' title='bbox 1506 3330 1507 3335; x_wconf 5' lang='grc' dir='ltr'>ἵ</span> 
     </span>
    </p>
   </div>
   <div class='ocr_carea' id='block_1_4' title="bbox 394 3469 615 3533">
    <p class='ocr_par' dir='ltr' id='par_1_9' title="bbox 394 3384 1507 3561">
     <span class='ocr_line' id='line_1_27' title="bbox 394 3469 615 3533; baseline -0.004 -9"><span class='ocrx_word' id='word_1_218' title='bbox 394 3473 411 3524; x_wconf 85' lang='grc'>9</span> <span class='ocrx_word' id='word_1_219' title='bbox 431 3469 498 3524; x_wconf 87' lang='lat' dir='ltr'><strong>Gen.</strong></span> <span class='ocrx_word' id='word_1_220' title='bbox 518 3472 561 3533; x_wconf 87' lang='grc'><strong>22,</strong></span> <span class='ocrx_word' id='word_1_221' title='bbox 583 3473 615 3524; x_wconf 80' lang='grc'><strong>18</strong></span> 
     </span>
    </p>
   </div>
   <div class='ocr_carea' id='block_1_5' title="bbox 305 3594 1507 4467">
    <p class='ocr_par' dir='ltr' id='par_1_10' title="bbox 305 3594 1507 4467">
     <span class='ocr_line' id='line_1_28' title="bbox 343 3594 1437 3665; baseline -0.006 -15"><span class='ocrx_word' id='word_1_222' title='bbox 343 3596 560 3665; x_wconf 87' lang='lat' dir='ltr'><strong>lpraetexiatus</strong></span> <span class='ocrx_word' id='word_1_223' title='bbox 579 3594 609 3647; x_wconf 81' lang='lat' dir='ltr'><em>F</em></span> <span class='ocrx_word' id='word_1_224' title='bbox 624 3595 796 3664; x_wconf 88' lang='lat' dir='ltr'><strong>praeexiatus</strong></span> <span class='ocrx_word' id='word_1_225' title='bbox 814 3595 876 3649; x_wconf 87' lang='lat' dir='ltr'><strong><em>MA</em></strong></span> <span class='ocrx_word' id='word_1_226' title='bbox 932 3594 1097 3648; x_wconf 84' lang='lat' dir='ltr'><strong>2iudicium</strong></span> <span class='ocrx_word' id='word_1_227' title='bbox 1117 3595 1144 3648; x_wconf 85' lang='lat' dir='ltr'><em>R</em></span> <span class='ocrx_word' id='word_1_228' title='bbox 1199 3596 1274 3648; x_wconf 87' lang='lat' dir='ltr'><strong>iussu</strong></span> <span class='ocrx_word' id='word_1_229' title='bbox 1294 3595 1320 3647; x_wconf 92' lang='lat' dir='ltr'><strong><em>A</em></strong></span> <span class='ocrx_word' id='word_1_230' title='bbox 1368 3595 1437 3646; x_wconf 71' lang='lat' dir='ltr'><strong>lnc—</strong></span> 
     </span>
     <span class='ocr_line' id='line_1_29' title="bbox 305 3678 1439 3753; baseline -0.005 -16"><span class='ocrx_word' id='word_1_231' title='bbox 305 3686 500 3753; x_wconf 88' lang='lat' dir='ltr'><strong>rninatumque,</strong></span> <span class='ocrx_word' id='word_1_232' title='bbox 510 3687 574 3737; x_wconf 85' lang='lat' dir='ltr'><strong>m.2</strong></span> <span class='ocrx_word' id='word_1_233' title='bbox 588 3684 803 3753; x_wconf 87' lang='lat' dir='ltr'><strong>nominatimque</strong></span> <span class='ocrx_word' id='word_1_234' title='bbox 812 3684 848 3737; x_wconf 89' lang='lat' dir='ltr'><strong><em>M</em></strong></span> <span class='ocrx_word' id='word_1_235' title='bbox 861 3683 1076 3753; x_wconf 88' lang='lat' dir='ltr'><strong>nominatimque</strong></span> <span class='ocrx_word' id='word_1_236' title='bbox 1087 3684 1089 3726; x_wconf 83' lang='lat'>!</span> <span class='ocrx_word' id='word_1_237' title='bbox 1101 3700 1168 3753; x_wconf 90' lang='lat' dir='ltr'><strong>qnae</strong></span> <span class='ocrx_word' id='word_1_238' title='bbox 1183 3683 1264 3753; x_wconf 83' lang='lat' dir='ltr'><strong>(quse</strong></span> <span class='ocrx_word' id='word_1_239' title='bbox 1281 3684 1329 3737; x_wconf 81' lang='lat' dir='ltr'><strong>del.</strong></span> <span class='ocrx_word' id='word_1_240' title='bbox 1342 3700 1374 3735; x_wconf 84' lang='lat' dir='ltr'><strong>m.</strong></span> <span class='ocrx_word' id='word_1_241' title='bbox 1383 3678 1439 3745; x_wconf 73' lang='lat' dir='ltr'><strong>2)P</strong></span> 
     </span>
     <span class='ocr_line' id='line_1_30' title="bbox 306 3766 1507 3845; baseline -0.007 -19"><span class='ocrx_word' id='word_1_242' title='bbox 306 3775 323 3826; x_wconf 85' lang='grc'><strong>6</strong></span> <span class='ocrx_word' id='word_1_243' title='bbox 342 3774 478 3843; x_wconf 83' lang='lat' dir='ltr'><strong>alligastis</strong></span> <span class='ocrx_word' id='word_1_244' title='bbox 496 3773 562 3826; x_wconf 71' lang='grc' dir='ltr'><strong>ΜΡ</strong></span> <span class='ocrx_word' id='word_1_245' title='bbox 647 3774 664 3826; x_wconf 86' lang='lat'>8</span> <span class='ocrx_word' id='word_1_246' title='bbox 682 3773 789 3840; x_wconf 85' lang='lat' dir='ltr'><strong>balicis,</strong></span> <span class='ocrx_word' id='word_1_247' title='bbox 809 3789 878 3826; x_wconf 79' lang='lat' dir='ltr'><strong>corr.</strong></span> <span class='ocrx_word' id='word_1_248' title='bbox 898 3779 959 3829; x_wconf 89' lang='lat' dir='ltr'><strong>m.1</strong></span> <span class='ocrx_word' id='word_1_249' title='bbox 977 3773 1098 3827; x_wconf 87' lang='lat' dir='ltr'><strong>basilicis</strong></span> <span class='ocrx_word' id='word_1_250' title='bbox 1116 3773 1144 3825; x_wconf 99' lang='lat' dir='ltr'><strong><em>A</em></strong></span> <span class='ocrx_word' id='word_1_251' title='bbox 1242 3766 1438 3844; x_wconf 81' lang='lat' dir='ltr'><strong>repelleretisll</strong></span> <span class='ocrx_word' id='word_1_252' title='bbox 1506 3796 1507 3845; x_wconf 52' lang='lat' dir='ltr'><strong>p</strong></span> 
     </span>
     <span class='ocr_line' id='line_1_31' title="bbox 308 3858 1436 3930; baseline -0.008 -13"><span class='ocrx_word' id='word_1_253' title='bbox 308 3865 340 3918; x_wconf 85' lang='lat' dir='ltr'><strong>lc</strong></span> <span class='ocrx_word' id='word_1_254' title='bbox 359 3862 531 3926; x_wconf 62' lang='lat' dir='ltr'><strong>basibillicis</strong></span> <span class='ocrx_word' id='word_1_255' title='bbox 549 3862 587 3915; x_wconf 90' lang='lat' dir='ltr'><strong><em>M</em></strong></span> <span class='ocrx_word' id='word_1_256' title='bbox 656 3862 824 3915; x_wconf 88' lang='lat' dir='ltr'><strong>schismatici</strong></span> <span class='ocrx_word' id='word_1_257' title='bbox 842 3862 928 3915; x_wconf 79' lang='lat' dir='ltr'><strong>uestri</strong></span> <span class='ocrx_word' id='word_1_258' title='bbox 945 3863 973 3915; x_wconf 95' lang='lat' dir='ltr'><strong><em>A</em></strong></span> <span class='ocrx_word' id='word_1_259' title='bbox 1039 3862 1069 3914; x_wconf 91' lang='lat'><strong>11</strong></span> <span class='ocrx_word' id='word_1_260' title='bbox 1090 3877 1138 3930; x_wconf 90' lang='lat' dir='ltr'><strong>per</strong></span> <span class='ocrx_word' id='word_1_261' title='bbox 1156 3878 1206 3915; x_wconf 88' lang='lat' dir='ltr'><strong>om.</strong></span> <span class='ocrx_word' id='word_1_262' title='bbox 1226 3862 1254 3915; x_wconf 85' lang='lat' dir='ltr'><strong><em>A</em></strong></span> <span class='ocrx_word' id='word_1_263' title='bbox 1311 3862 1341 3915; x_wconf 86' lang='lat'><strong>12</strong></span> <span class='ocrx_word' id='word_1_264' title='bbox 1357 3858 1436 3912; x_wconf 85' lang='lat' dir='ltr'><strong>adora·</strong></span> 
     </span>
     <span class='ocr_line' id='line_1_32' title="bbox 306 3950 1507 4019; baseline -0.007 -15"><span class='ocrx_word' id='word_1_265' title='bbox 306 3950 415 4006; x_wconf 83' lang='lat' dir='ltr'><strong>bantR</strong></span> <span class='ocrx_word' id='word_1_266' title='bbox 457 3953 490 4005; x_wconf 80' lang='lat'><strong>14</strong></span> <span class='ocrx_word' id='word_1_267' title='bbox 508 3968 557 4004; x_wconf 87' lang='lat' dir='ltr'><strong>nos</strong></span> <span class='ocrx_word' id='word_1_268' title='bbox 576 3968 627 4004; x_wconf 84' lang='lat' dir='ltr'><strong>cm.</strong></span> <span class='ocrx_word' id='word_1_269' title='bbox 648 3954 675 4004; x_wconf 87' lang='lat' dir='ltr'><strong><em>A</em></strong></span> <span class='ocrx_word' id='word_1_270' title='bbox 718 3953 751 4005; x_wconf 84' lang='lat'><strong>15</strong></span> <span class='ocrx_word' id='word_1_271' title='bbox 769 3951 958 4019; x_wconf 87' lang='lat' dir='ltr'><strong>ipponensium</strong></span> <span class='ocrx_word' id='word_1_272' title='bbox 977 3950 1005 4005; x_wconf 85' lang='lat' dir='ltr'><em>R</em></span> <span class='ocrx_word' id='word_1_273' title='bbox 1023 3950 1240 4019; x_wconf 87' lang='lat' dir='ltr'><strong>Hipponensium</strong></span> <span class='ocrx_word' id='word_1_274' title='bbox 1260 3950 1320 4006; x_wconf 77' lang='lat' dir='ltr'><strong>edd.</strong></span> <span class='ocrx_word' id='word_1_275' title='bbox 1358 3950 1437 4001; x_wconf 82' lang='lat' dir='ltr'><strong>ltnu·</strong></span> <span class='ocrx_word' id='word_1_276' title='bbox 1506 4002 1507 4017; x_wconf 14' lang='grc' dir='ltr'><strong>χ</strong></span> 
     </span>
     <span class='ocr_line' id='line_1_33' title="bbox 305 4034 1507 4109; baseline -0.003 -16"><span class='ocrx_word' id='word_1_277' title='bbox 305 4041 387 4093; x_wconf 82' lang='lat' dir='ltr'><strong>metti</strong></span> <span class='ocrx_word' id='word_1_278' title='bbox 405 4041 494 4109; x_wconf 76' lang='lat' dir='ltr'><strong>(ciel)</strong></span> <span class='ocrx_word' id='word_1_279' title='bbox 511 4040 538 4092; x_wconf 91' lang='lat' dir='ltr'><strong><em>A</em></strong></span> <span class='ocrx_word' id='word_1_280' title='bbox 609 4042 640 4093; x_wconf 85' lang='lat' dir='ltr'><strong>l‘l</strong></span> <span class='ocrx_word' id='word_1_281' title='bbox 660 4039 695 4093; x_wconf 90' lang='lat' dir='ltr'><strong>ad</strong></span> <span class='ocrx_word' id='word_1_282' title='bbox 714 4039 800 4093; x_wconf 92' lang='lat' dir='ltr'><strong>oculis</strong></span> <span class='ocrx_word' id='word_1_283' title='bbox 819 4040 856 4092; x_wconf 89' lang='lat' dir='ltr'><strong><em>M</em></strong></span> <span class='ocrx_word' id='word_1_284' title='bbox 928 4040 959 4092; x_wconf 89' lang='lat'><strong>18</strong></span> <span class='ocrx_word' id='word_1_285' title='bbox 980 4040 1037 4092; x_wconf 89' lang='lat' dir='ltr'><strong>siue</strong></span> <span class='ocrx_word' id='word_1_286' title='bbox 1058 4039 1103 4107; x_wconf 89' lang='lat' dir='ltr'><strong>qni</strong></span> <span class='ocrx_word' id='word_1_287' title='bbox 1122 4038 1173 4091; x_wconf 89' lang='lat' dir='ltr'><strong>hoc</strong></span> <span class='ocrx_word' id='word_1_288' title='bbox 1192 4056 1244 4093; x_wconf 90' lang='lat' dir='ltr'><strong>non</strong></span> <span class='ocrx_word' id='word_1_289' title='bbox 1264 4039 1345 4092; x_wconf 87' lang='lat' dir='ltr'><strong>uultis</strong></span> <span class='ocrx_word' id='word_1_290' title='bbox 1362 4035 1437 4090; x_wconf 86' lang='lat' dir='ltr'><strong>saltim</strong></span> <span class='ocrx_word' id='word_1_291' title='bbox 1506 4034 1507 4089; x_wconf 70' lang='lat' dir='ltr'><strong>l</strong></span> 
     </span>
     <span class='ocr_line' id='line_1_34' title="bbox 306 4126 1507 4198; baseline -0.005 -17"><span class='ocrx_word' id='word_1_292' title='bbox 306 4128 485 4183; x_wconf 79' lang='lat' dir='ltr'><strong>rescribitelt</strong></span> <span class='ocrx_word' id='word_1_293' title='bbox 538 4130 637 4198; x_wconf 90' lang='lat' dir='ltr'><strong>neque]</strong></span> <span class='ocrx_word' id='word_1_294' title='bbox 658 4145 707 4183; x_wconf 91' lang='lat' dir='ltr'><strong>nec</strong></span> <span class='ocrx_word' id='word_1_295' title='bbox 726 4129 761 4182; x_wconf 91' lang='lat' dir='ltr'><strong><em>M</em></strong></span> <span class='ocrx_word' id='word_1_296' title='bbox 798 4130 830 4183; x_wconf 91' lang='grc'><strong>19</strong></span> <span class='ocrx_word' id='word_1_297' title='bbox 850 4129 980 4192; x_wconf 89' lang='lat' dir='ltr'><strong>coetibus,</strong></span> <span class='ocrx_word' id='word_1_298' title='bbox 1000 4144 1069 4182; x_wconf 84' lang='lat' dir='ltr'><strong>corr.</strong></span> <span class='ocrx_word' id='word_1_299' title='bbox 1091 4126 1196 4197; x_wconf 62' lang='lat' dir='ltr'><strong>(am)</strong></span> <span class='ocrx_word' id='word_1_300' title='bbox 1216 4128 1324 4181; x_wconf 85' lang='lat' dir='ltr'><strong>cedibus</strong></span> <span class='ocrx_word' id='word_1_301' title='bbox 1341 4126 1374 4181; x_wconf 97' lang='lat' dir='ltr'><strong><em>M</em></strong></span> <span class='ocrx_word' id='word_1_302' title='bbox 1388 4138 1437 4177; x_wconf 87' lang='lat' dir='ltr'><strong>cae·</strong></span> <span class='ocrx_word' id='word_1_303' title='bbox 1506 4164 1507 4197; x_wconf 68' lang='lat'><strong>,</strong></span> 
     </span>
     <span class='ocr_line' id='line_1_35' title="bbox 306 4212 1507 4293; baseline -0.008 -21"><span class='ocrx_word' id='word_1_304' title='bbox 306 4220 380 4272; x_wconf 86' lang='lat' dir='ltr'><strong>tibus</strong></span> <span class='ocrx_word' id='word_1_305' title='bbox 398 4218 430 4272; x_wconf 83' lang='lat' dir='ltr'><em>F</em></span> <span class='ocrx_word' id='word_1_306' title='bbox 446 4217 551 4272; x_wconf 90' lang='lat' dir='ltr'><strong>cetibus</strong></span> <span class='ocrx_word' id='word_1_307' title='bbox 569 4222 596 4271; x_wconf 88' lang='lat' dir='ltr'><strong><em>A</em></strong></span> <span class='ocrx_word' id='word_1_308' title='bbox 669 4220 701 4271; x_wconf 92' lang='grc'><strong>21</strong></span> <span class='ocrx_word' id='word_1_309' title='bbox 722 4236 776 4272; x_wconf 87' lang='lat' dir='ltr'><strong>non</strong></span> <span class='ocrx_word' id='word_1_310' title='bbox 796 4218 973 4287; x_wconf 87' lang='lat' dir='ltr'><strong>coinquinent</strong></span> <span class='ocrx_word' id='word_1_311' title='bbox 990 4218 1018 4273; x_wconf 86' lang='lat' dir='ltr'><em>R</em></span> <span class='ocrx_word' id='word_1_312' title='bbox 1108 4218 1186 4285; x_wconf 87' lang='lat' dir='ltr'><strong>quos]</strong></span> <span class='ocrx_word' id='word_1_313' title='bbox 1207 4233 1259 4285; x_wconf 91' lang='lat' dir='ltr'><strong>quo</strong></span> <span class='ocrx_word' id='word_1_314' title='bbox 1276 4217 1305 4269; x_wconf 91' lang='lat' dir='ltr'><strong><em>P</em></strong></span> <span class='ocrx_word' id='word_1_315' title='bbox 1368 4214 1399 4266; x_wconf 87' lang='grc'><strong>22</strong></span> <span class='ocrx_word' id='word_1_316' title='bbox 1415 4212 1437 4262; x_wconf 89' lang='lat' dir='ltr'><strong>in</strong></span> <span class='ocrx_word' id='word_1_317' title='bbox 1506 4224 1507 4293; x_wconf 53' lang='lat' dir='ltr'><strong>q</strong></span> 
     </span>
     <span class='ocr_line' id='line_1_36' title="bbox 307 4300 1507 4387; baseline -0.009 -25"><span class='ocrx_word' id='word_1_318' title='bbox 307 4326 359 4362; x_wconf 90' lang='lat' dir='ltr'><strong>om.</strong></span> <span class='ocrx_word' id='word_1_319' title='bbox 377 4308 415 4361; x_wconf 92' lang='lat' dir='ltr'><strong><em>M</em></strong></span> <span class='ocrx_word' id='word_1_320' title='bbox 494 4308 555 4377; x_wconf 90' lang='lat' dir='ltr'><strong>nos]</strong></span> <span class='ocrx_word' id='word_1_321' title='bbox 575 4323 629 4359; x_wconf 91' lang='lat' dir='ltr'><strong>uon</strong></span> <span class='ocrx_word' id='word_1_322' title='bbox 648 4308 675 4359; x_wconf 89' lang='lat' dir='ltr'><strong><em>A</em></strong></span> <span class='ocrx_word' id='word_1_323' title='bbox 738 4309 772 4361; x_wconf 82' lang='lat'><strong>23</strong></span> <span class='ocrx_word' id='word_1_324' title='bbox 793 4307 937 4362; x_wconf 88' lang='lat' dir='ltr'><strong>ostendere</strong></span> <span class='ocrx_word' id='word_1_325' title='bbox 957 4306 1086 4375; x_wconf 88' lang='lat' dir='ltr'><strong>potuistis</strong></span> <span class='ocrx_word' id='word_1_326' title='bbox 1104 4305 1132 4360; x_wconf 86' lang='lat' dir='ltr'><em>R</em></span> <span class='ocrx_word' id='word_1_327' title='bbox 1212 4306 1236 4359; x_wconf 85' lang='lat' dir='ltr'><strong>ie</strong></span> <span class='ocrx_word' id='word_1_328' title='bbox 1255 4306 1291 4359; x_wconf 92' lang='lat' dir='ltr'><strong><em>M</em></strong></span> <span class='ocrx_word' id='word_1_329' title='bbox 1346 4304 1377 4357; x_wconf 83' lang='lat'><strong>24</strong></span> <span class='ocrx_word' id='word_1_330' title='bbox 1394 4300 1437 4353; x_wconf 77' lang='lat' dir='ltr'><strong>ele·</strong></span> <span class='ocrx_word' id='word_1_331' title='bbox 1506 4360 1507 4387; x_wconf 25' lang='lat'>¹</span> 
     </span>
     <span class='ocr_line' id='line_1_37' title="bbox 307 4394 1507 4467; baseline -0.002 -18"><span class='ocrx_word' id='word_1_332' title='bbox 307 4397 365 4467; x_wconf 84' lang='lat' dir='ltr'><strong>gite</strong></span> <span class='ocrx_word' id='word_1_333' title='bbox 385 4397 448 4453; x_wconf 70' lang='grc' dir='ltr'><strong>ΜΡ</strong></span> <span class='ocrx_word' id='word_1_334' title='bbox 516 4397 668 4450; x_wconf 90' lang='lat' dir='ltr'><strong>malueritis</strong></span> <span class='ocrx_word' id='word_1_335' title='bbox 687 4396 715 4451; x_wconf 85' lang='lat' dir='ltr'><em>R</em></span> <span class='ocrx_word' id='word_1_336' title='bbox 769 4399 803 4451; x_wconf 74' lang='lat'><strong>25</strong></span> <span class='ocrx_word' id='word_1_337' title='bbox 823 4396 945 4451; x_wconf 89' lang='lat' dir='ltr'><strong>ordinem</strong></span> <span class='ocrx_word' id='word_1_338' title='bbox 963 4395 994 4450; x_wconf 84' lang='lat' dir='ltr'><em>F</em></span> <span class='ocrx_word' id='word_1_339' title='bbox 1064 4394 1203 4465; x_wconf 88' lang='lat' dir='ltr'><strong>pacificum</strong></span> <span class='ocrx_word' id='word_1_340' title='bbox 1223 4394 1260 4447; x_wconf 91' lang='lat' dir='ltr'><strong><em>M</em></strong></span> <span class='ocrx_word' id='word_1_341' title='bbox 1506 4394 1507 4411; x_wconf 66' lang='lat'>¹</span> 
     </span>
    </p>
   </div>
   <div class='ocr_carea' id='block_1_6' title="bbox 0 0 1555 5217">
    <p class='ocr_par' dir='ltr' id='par_1_11' title="bbox 0 0 1555 5217">
     <span class='ocr_line' id='line_1_38' title="bbox 0 0 1555 5217; baseline 0 0"><span class='ocrx_word' id='word_1_342' title='bbox 0 0 1555 5217; x_wconf 95' lang='lat' dir='ltr'><strong> </strong></span> 
     </span>
    </p>
   </div>
  </div>
 </body>
</html>
