3092 5217
318 543 382 606 486
673 541 700 595 S.
729 539 868 593 Aureli
894 540 1111 608 Augustini

318 734 451 800 unitatis
474 735 553 800 retia
576 736 758 807 tolerantes,
784 735 882 800 donec
906 734 945 799 ad
967 734 1046 799 litus
1071 734 1216 817 perducti
1236 741 1450 819 separarentur,

318 845 384 906 tam
402 841 550 906 immanis
569 861 677 907 eorum
697 861 781 908 error
800 845 832 907 et
850 842 996 927 impietas
1016 841 1201 925 inquinabat
1220 844 1286 920 aut,
1313 843 1340 907 si
1361 842 1450 925 inqui-

317 949 421 1026 nabat,
446 949 509 1012 iam
532 952 608 1014 tunc
634 948 768 1014 ecclesia
792 951 948 1014 malorum
972 949 1192 1015 communione
1216 948 1323 1014 deleta
1340 953 1386 1013 est
1401 970 1450 1014 nec

319 1059 393 1132 erat,
410 1075 489 1138 quae
504 1059 627 1140 pareret
644 1056 749 1138 ipsum
767 1055 968 1140 cyprianum.
989 1057 1016 1121 si
1031 1060 1149 1134 autem,
1169 1056 1254 1138 quod
1268 1059 1388 1121 certum
1400 1061 1450 1125 est.

319 1161 491 1245 permansit
510 1162 655 1240 eeclesia,
675 1165 797 1227 certum
816 1165 867 1227 ost
885 1164 980 1227 etiam
999 1163 1140 1247 peccatis
1160 1163 1271 1228 alienis
1291 1163 1451 1228 inanitate
1475 1185 1484 1221 a

319 1267 437 1334 Christi
456 1269 612 1334 neminem
636 1288 731 1352 posse
760 1269 913 1334 maculari
940 1290 1002 1336 non
1029 1271 1187 1336 malorum
1213 1270 1308 1334 lactis
1337 1288 1452 1335 consen-

318 1375 459 1454 tientem,
475 1395 513 1441 ne
532 1375 610 1460 ipsis
629 1375 769 1460 peccatis
790 1375 1051 1441 communicando
1070 1377 1242 1459 polluatur,
1262 1376 1321 1441 sed
1338 1380 1453 1460 propter

319 1482 503 1548 societatem
521 1482 675 1547 bonorum
694 1483 796 1548 malos
815 1486 977 1565 tamquam
996 1485 1119 1566 paleam
1139 1503 1242 1567 nsque
1261 1484 1301 1548 ad
1319 1483 1453 1548 ultimam

317 1589 559 1654 uentilationem
583 1590 614 1654 in
635 1608 706 1654 aina
725 1590 885 1655 dominica
908 1590 1107 1656 tolerantem.
1131 1609 1304 1674 quaecum
1327 1589 1372 1655 ita
1388 1590 1453 1657 sint.

318 1696 373 1761 ubi
406 1700 456 1762 est
487 1697 704 1781 praesumptio
737 1697 946 1780 separationis
979 1701 1126 1763 uestrae?
1165 1716 1267 1763 nonne
1299 1697 1357 1762 filii
1386 1697 1452 1762 mali
1468 1717 1486 1756 a

318 1803 418 1868 estis?
446 1803 508 1887 ipsi
545 1823 605 1869 uos
642 1804 745 1868 iustos
782 1804 899 1884 dicitis,
938 1804 1055 1869 exitum
1088 1807 1195 1869 autem
1227 1807 1370 1870 uestrum
1399 1824 1452 1868 non

318 1911 458 1976 abluitis.
1294 1911 1298 1918 '

264 2011 306 2072 43
361 2017 430 2082 Iam
453 2018 481 2082 si
503 2017 602 2082 uelim
627 2021 659 2082 ct
681 2017 737 2082 illa
760 2035 1015 2094 commemorare,
1045 2036 1125 2099 quae
1148 2017 1340 2100 tychonius,
1369 2018 1451 2082 homo

318 2124 551 2190 communionis
582 2127 719 2205 uestrae,
749 2123 877 2208 scriptis
906 2124 974 2188 suis
1001 2123 1124 2203 inserit,
1154 2124 1209 2207 qui
1230 2124 1333 2208 magis
1357 2127 1453 2188 contra

318 2251 377 2296 uos
414 2251 469 2314 pro
507 2231 641 2298 ecclesia
678 2231 835 2296 catholica
867 2230 997 2314 scripsit
1027 2229 1145 2296 frustra
1176 2249 1211 2296 se
1244 2231 1284 2296 ab
1315 2230 1452 2295 Afrorum
1467 2249 1485 2288 o

319 2338 410 2420 quasi
436 2335 624 2402 traditorum
653 2335 874 2400 communione
903 2353 1079 2413 secernens,
1107 2356 1169 2420 quo
1197 2356 1260 2403 uno
1288 2356 1362 2402 eum
1387 2337 1451 2401 Par-

317 2445 482 2510 menianus
516 2443 660 2522 suffocat,
695 2441 771 2526 quid
802 2442 992 2524 respondere
1023 2443 1180 2526 poteritis,
1213 2443 1274 2508 nisi
1309 2443 1391 2527 quod
1419 2445 1451 2508 de

317 2551 410 2617 uobis
434 2551 518 2615 idem
543 2549 723 2634 Tychonius
747 2547 827 2613 dixit
850 2552 882 2614 et
905 2569 964 2634 ego
988 2551 1083 2632 paulo
1107 2554 1179 2616 ante
1201 2551 1339 2616 recolui:
1360 2549 1452 2630 ‘Quod

317 2658 477 2736 uolumus,
512 2662 657 2722 sanctum
686 2661 766 2722 est'?
801 2656 913 2723 scribit
945 2658 1029 2722 enim
1060 2658 1115 2723 ille
1142 2657 1335 2743 Tychonius‚
1359 2658 1452 2722 homo.

317 2767 352 2828 ut
390 2764 464 2842 diri,
505 2767 632 2828 uestrae
668 2763 910 2842 communionis,
953 2784 972 2828 a
1008 2765 1153 2830 <lucentis
1190 2767 1222 2829 et
1263 2764 1486 2850 septuagintos

233 2935 237 2945 ,
317 2872 475 2956 episcopis
511 2871 629 2937 uestris
666 2871 838 2936 concilium
877 2869 1060 2956 Carthagini
1097 2871 1302 2949 celebratum,
1335 2871 1365 2935 in
1398 2889 1452 2952 qno

318 2979 450 3044 concilio
474 2997 531 3062 per
554 2978 757 3063 septuaginta
781 2984 814 3043 et
841 2979 980 3062 quinque
1008 2978 1075 3043 dies
1102 2979 1291 3063 postpositis
1320 2977 1452 3043 omnibns

316 3085 497 3168 praeteritis
520 3085 665 3150 limatam
689 3103 759 3149 esse
784 3085 976 3150 sent-entiam
999 3088 1094 3167 atque
1118 3085 1288 3163 decretam,
1312 3086 1349 3149 ut
1369 3081 1452 3147 tradi·

408 3331 421 3383 1
441 3327 538 3384 Matth.
560 3329 601 3393 13,
621 3330 728 3384 47-49
797 3330 813 3383 8
832 3329 933 3384 Matth.
953 3330 978 3394 3,
1000 3329 1045 3393 12;
1068 3330 1109 3392 13,
1130 3329 1249 3394 29-303
1270 3330 1305 3384 38
1377 3329 1408 3386 10
1423 3327 1453 3382 ei.

318 3437 343 3490 p.
362 3417 424 3482 482,
446 3419 550 3472 13-14
608 3419 640 3472 18
661 3417 694 3474 cf.
712 3436 738 3489 p.
758 3420 821 3480 459,
843 3419 855 3472 1

356 3560 516 3622 lenientes,
535 3564 599 3613 Μ
617 3576 705 3630 supra
721 3560 735 3612 l
753 3560 902 3614 tolerantes
920 3558 948 3611 P
1019 3563 1180 3628 separentur
1198 3559 1232 3612 N
1280 3559 1364 3613 aaut
1380 3559 1401 3612 si
1417 3558 1452 3610 in·

319 3648 449 3719 qninabat
468 3647 565 3702 συιδ
636 3650 693 3718 sut]
715 3653 746 3702 ut
763 3648 792 3703 P
861 3647 1056 3716 inquinaretP
1104 3648 1299 3702 3aecclesiam
1312 3646 1340 3700 P
1406 3646 1450 3712 est}

319 3743 391 3794 esset
408 3738 436 3794 P
492 3739 572 3809 lue]
593 3755 641 3793 nee
658 3739 686 3793 R
758 3737 927 3808 pollueretur
943 3737 971 3791 P
1023 3737 1144 3791 8malos
1163 3737 1214 3801 bia,
1233 3737 1351 3791 alterurn
1368 3731 1455 3789 aera

354 3827 435 3898 palat
453 3831 501 3894 (ω
521 3831 640 3896 sortasse
657 3843 691 3880 m.
703 3830 732 3892 2)
752 3825 781 3879 P
797 3825 890 3894 paleas
907 3825 934 3880 L
954 3825 1014 3880 edri.
1086 3825 1103 3879 9
1123 3824 1277 3888 uentilatio,
1296 3827 1358 3880 na2
1374 3823 1451 3876 uenti·

319 3917 449 3970 lationem
469 3917 497 3969 P
548 3916 708 3970 tolerantem
728 3917 816 3983 (ntem
833 3915 865 3968 in
882 3931 940 3969 roa.
959 3932 993 3970 m.
1006 3913 1034 3983 2)
1052 3913 1080 3968 L
1135 3915 1304 3980 locastae,
1323 3909 1452 3967 eornm

320 4010 426 4060 uestrae
445 4005 483 4058 Μ
552 4005 614 4058 mali
633 4004 682 4057 filii
700 4003 729 4058 R
786 4004 819 4058 13
837 4002 995 4073 thpsconins
1013 4003 1041 4068 (li
1060 4009 1144 4072 etpr.
1164 4021 1177 4057 s
1196 4002 1312 4072 explP
1370 4001 1451 4054 ltin-

321 4094 450 4148 seruitR
525 4094 557 4148 15
576 4093 609 4147 ab
628 4091 765 4162 Afrorum]
787 4091 821 4146 ab
841 4092 954 4146 fratrum
974 4092 1000 4144 A
1069 4093 1103 4147 16
1122 4091 1337 4162 quasieaeoorr.
1355 4087 1452 4142 m.2L

356 4182 547 4251 parmenianus
570 4181 654 4252 (post.
679 4199 695 4234 a
717 4185 784 4236 aa2
804 4197 888 4250 saper
909 4197 966 4234 roa.
985 4183 1006 4235 2
1025 4180 1052 4246 1.,
1076 4198 1195 4249 quarum
1213 4186 1285 4250 post.
1303 4181 1364 4248 fuit
1385 4177 1410 4248 o)
1429 4175 1452 4227 P

322 4271 354 4324 17
375 4269 475 4324 offocat
493 4271 542 4333 (sic
551 4273 570 4336 1)
588 4269 615 4323 L
688 4270 721 4325 18
741 4269 809 4324 dicit
826 4268 853 4323 L
939 4273 1001 4324 ante
1020 4269 1100 4340 paulo
1119 4269 1147 4323 A
1219 4271 1255 4324 20
1272 4266 1451 4324 communionis

321 4363 429 4412 nestrae
447 4358 476 4414 R
539 4360 570 4412 21
592 4359 725 4429 cartagini
745 4358 910 4414 celebratum
930 4358 1071 4413 concilium
1090 4357 1119 4413 R
1191 4358 1327 4427 cartagine
1344 4356 1371 4410 P
1386 4355 1451 4411 list

321 4448 334 4501 l
354 4447 496 4518 cartagini)
515 4447 548 4502 N
598 4447 632 4502 22
653 4447 777 4502 omnibns
795 4448 957 4518 postpositis
975 4445 1003 4502 R
