3092 5217
444 514 706 583 epistularum
735 514 906 569 LXXXVIII.
1182 519 1245 584 411

113 711 144 771 ut
171 708 243 784 illis,
276 708 332 791 qui
364 708 395 771 in
429 708 678 791 praesentiarum
711 714 811 793 agunt
847 715 941 792 atque
979 709 1099 775 diurnis
1137 711 1249 777 diebus

113 814 298 895 interpellare
329 833 391 880 non
420 814 578 892 desinunt,
606 814 809 880 audientibus
838 818 871 881 et
894 835 998 881 coram
1022 817 1250 883 adsistentibus

114 939 248 1003 apparere
283 924 315 985 et
345 921 493 986 intimare
524 922 629 1005 possit
659 922 778 987 frustra
811 941 864 987 eos
894 922 1071 989 Caeciliano
1101 924 1249 1006 episcopo

113 1025 252 1091 inuidiam
285 1046 466 1110 comparare
498 1032 594 1110 atque
622 1027 776 1093 aduersus
805 1047 877 1093 eum
905 1029 1062 1095 uiolenter
1086 1030 1251 1115 insurgere

90 1132 253 1199 euoluisse.
285 1134 332 1198 ita
359 1134 443 1199 enim
470 1134 535 1211 fiet,
564 1137 601 1200 ut
628 1135 767 1213 omissis
793 1134 889 1200 sicuti
913 1139 1048 1218 oportet,
1073 1136 1252 1202 eiusmodi

113 1239 355 1305 contentionibus
387 1241 526 1325 populns
554 1239 622 1306 sine
651 1240 849 1307 dissensione
878 1242 985 1324 aliqua
1011 1242 1159 1326 religioni
1181 1262 1250 1325 pro-

113 1347 185 1428 priae
208 1366 281 1411 cum
305 1347 413 1412 debita
435 1348 638 1413 ueneratione
662 1347 831 1413 deserniat.

67 1452 78 1501 ·'
149 1453 231 1518 Haec
264 1473 335 1518 cum
369 1453 480 1519 uideas
512 1453 559 1518 ita
586 1474 620 1518 se
648 1454 774 1532 babere,
804 1455 878 1537 quid
909 1458 959 1519 est
987 1456 1070 1537 quod
1099 1456 1190 1520 noble
1214 1455 1252 1520 de

114 1559 325 1640 imperatorum
349 1560 558 1639 iussionibus,
582 1579 662 1644 quae
686 1566 797 1626 contra
820 1580 879 1625 uos
904 1563 1152 1638 constituuntun
1171 1562 1252 1626 inui-

82 1665 186 1729 odiam
210 1666 388 1745 concitatis,
413 1686 485 1731 cum
512 1669 573 1732 hoc
600 1671 703 1733 totum
735 1686 795 1732 uos
829 1667 935 1750 potius
968 1671 1061 1733 antea
1092 1668 1252 1733 feceritis?

116 1772 233 1836 sinibil
257 1773 427 1838 debentia
450 1775 499 1838 bis
524 1775 628 1839 causis
652 1774 858 1856 imperatores
884 1774 1004 1855 iubere,
1034 1775 1062 1839 si
1090 1774 1129 1838 ad
1155 1775 1253 1856 impe-

115 1882 223 1943 ratores
242 1878 438 1946 Christianos
462 1881 540 1946 haec
563 1899 638 1945 cura
659 1882 816 1965 pertinere
840 1900 899 1946 non
925 1881 1028 1957 debet,
1051 1879 1122 1964 quis
1141 1900 1253 1965 urgue-

116 1985 162 2048 bat
189 1988 325 2050 maiores
357 1991 483 2052 uestros
516 2005 645 2052 causam
674 1986 845 2052 caecillani
878 1987 917 2051 ad
948 1988 1172 2069 imperatorem
1200 2006 1255 2070 per

116 2093 326 2171 proconsulem
363 2094 490 2158 mittere
528 2097 561 2157 et
591 2094 790 2176 episcopum,
823 2097 932 2158 contra
963 2112 1057 2176 quem
1091 2094 1253 2158 absentem

84 2197 169 2261 siam
199 2200 371 2264 sententias
406 2219 532 2283 quoquo
565 2200 659 2265 modo
687 2199 847 2275 dixeratis,
873 2200 987 2265 iterum
1017 2200 1101 2281 apud
1123 2200 1255 2283 impera-

114 2311 203 2369 torem
243 2324 402 2384 accusare,
440 2326 501 2390 quo
539 2306 705 2372 innocente
741 2306 943 2388 pronuntiato
981 2305 1151 2371 ordinatori
1187 2306 1255 2371 eius

114 2409 202 2475 Felici
232 2412 311 2477 alias
339 2413 424 2497 apud
452 2414 587 2479 eundem
613 2413 836 2498 imperatorem
866 2412 1039 2477 calormnias
1063 2412 1255 2477 machinari?

116 2522 143 2579 et
161 2537 243 2583 nnnc
266 2519 342 2602 quid
365 2520 453 2584 aliud
476 2538 571 2603 quam
594 2520 697 2604 ipsius
720 2520 850 2584 maioris
875 2518 1073 2585 Constantini
1101 2518 1255 2585 iudicium

115 2629 213 2689 contm
244 2629 386 2692 uestram
412 2632 533 2710 partem
560 2627 654 2704 uiuit,
682 2626 767 2710 quod
794 2626 929 2690 maiores
958 2626 1057 2689 uestri
1081 2626 1255 2709 elegerunt,

82 2731 189 2812 aqood
216 2732 354 2798 assiduis
382 2733 692 2817 interpellationibus
721 2736 930 2810 extorserunt,
964 2732 1048 2814 quod
1082 2732 1256 2816 episcopali

116 2836 222 2903 iudicio
259 2842 500 2923 praetulerunt?
538 2841 565 2905 si
604 2840 775 2923 displicent
815 2838 991 2921 imperialia
1031 2837 1159 2916 indicia,
1202 2840 1256 2921 qni

116 2944 254 3023 primitus
285 2946 491 3031 imperatores
524 2947 564 3012 ad
596 2967 634 3011 ea
664 2946 759 3012 uobis
792 2944 956 3011 excitanda
988 2948 1180 3029 coegerunt?
1209 2946 1255 3009 sic

115 3051 190 3115 enim
219 3053 315 3117 modo
349 3058 459 3118 contra
486 3054 677 3119 catholicam
711 3052 856 3118 clamatis
888 3050 919 3115 in
946 3051 1007 3127 bis,
1036 3068 1116 3133 qnae
1149 3054 1257 3116 contm

115 3174 166 3222 uos
188 3159 226 3223 ab
250 3160 494 3243 Imperatoribus
519 3160 738 3235 decernuntur,
763 3178 859 3242 quem
881 3157 920 3221 ad
939 3156 1070 3221 modum
1089 3156 1117 3220 si
1136 3156 1257 3221 uellent

81 3264 258 3331 eudaemus
280 3266 468 3331 Daorihelem
491 3267 637 3345 clamare,
661 3267 716 3348 qni
738 3265 872 3329 liberato
895 3263 952 3328 illo
973 3262 1091 3327 eisdem
1109 3262 1254 3328 leonibus

115 3373 309 3438 oonsromeodi
337 3374 429 3438 missi
456 3377 541 3452 sunt,
565 3373 722 3456 aquibus
751 3391 825 3437 eum
852 3370 914 3453 ipsi
938 3369 1086 3453 primitus
1111 3371 1254 3436 consumi

115 3476 293 3555 uoluerunt;
335 3480 491 3561 scriptum
533 3483 583 3545 cst
624 3479 725 3543 enim:
772 3476 887 3541 Nihil
928 3476 1107 3540 interest
1148 3477 1254 3541 inter

192 3742 227 3793 ‘25
246 3740 316 3796 Dan.
336 3744 362 3803 6,
384 3742 487 3795 16-24
541 3742 576 3795 27
594 3741 676 3797 Prou.
698 3742 739 3804 19,
761 3741 793 3795 12

147 3882 271 3953 lstque]
291 3887 373 3953 atque
392 3884 440 3953 qui
458 3883 486 3936 P
532 3882 688 3938 3iuiimari
707 3884 735 3937 P
751 3882 811 3936 edd.
863 3880 970 3937 5sicut
989 3880 1049 3934 edd.
1102 3878 1254 3948 dpopulis,

116 3984 175 4023 corr.
193 3972 389 4042 m.1populus
407 3971 435 4025 P
505 3972 655 4026 dissemina
673 3970 705 4027 F
782 3969 914 4039 religione
933 3968 1023 4024 Men
1094 3967 1202 4037 propris
1220 3966 1257 4020 M
1341 3998 1343 4003 ·

116 4058 281 4113 lucratione
294 4059 349 4115 Fa
403 4060 734 4131 9imperatoribus,m.2
751 4060 944 4129 imperatorum
962 4058 990 4110 P
1046 4055 1078 4110 10
1098 4054 1255 4109 conscitatis

117 4150 166 4215 (pr.
182 4166 195 4202 a
213 4166 273 4218 esp.
292 4152 368 4213 m)
386 4150 426 4203 M
494 4149 572 4203 uobis
590 4148 618 4203 R
683 4148 712 4201 11
735 4147 758 4200 ai
778 4163 829 4201 om.
849 4145 887 4201 M
903 4146 950 4199 sed
969 4145 996 4197 P
1066 4144 1166 4209 uerbis,
1185 4159 1254 4197 corr.

117 4242 168 4291 ml
184 4240 273 4293 causis
290 4238 329 4293 Μ
396 4238 490 4291 iubere
509 4236 627 4291 debeant
644 4237 669 4290 si
687 4236 721 4290 ad
740 4235 768 4290 R
834 4236 866 4289 13
885 4250 934 4305 per
952 4250 1003 4289 om.
1023 4234 1050 4288 A
1107 4234 1139 4287 14
1159 4231 1255 4287 adsen-

117 4329 164 4379 tem
181 4324 211 4381 F
253 4329 288 4382 15
307 4328 426 4398 quoquo]
444 4343 496 4397 quo
515 4326 553 4380 M
599 4327 632 4380 ld
651 4326 698 4395 qui
715 4325 747 4379 F
791 4324 824 4379 18
843 4324 1014 4391 maioris-p.
1033 4326 1095 4385 417,
1115 4325 1152 4374 10
1169 4320 1255 4375 lateat

117 4430 161 4467 om.
178 4416 206 4470 R
277 4416 392 4470 maiores
409 4416 446 4471 Μ
463 4418 540 4483 (no2
557 4415 678 4479 maioris)
696 4416 724 4469 Δ
779 4414 812 4468 21
834 4412 975 4482 imperalia
994 4412 1020 4465 P
1091 4410 1206 4480 quaeA
