3092 5217
418 500 683 570 epistularum
712 501 765 556 CV.
796 500 863 555 CVI.
893 500 976 555 CVII.
1205 506 1266 569 611

120 695 316 759 Primiauum
355 693 648 779 Carthaginiensem
687 694 855 759 damnauit
888 698 919 759 et
954 695 1098 759 uicissim
1138 698 1176 761 ab
1214 696 1269 762 illo

121 802 218 865 etiam
237 801 306 883 ipse
320 800 489 866 damnatus
508 804 568 866 est.
589 801 643 865 diu
662 800 843 867 Felicianus
862 802 893 865 in
914 802 1068 886 sacrilego
1088 803 1270 867 Maximiani

120 907 296 972 schismate
317 906 390 985 fuit,
413 907 534 973 multas
556 907 601 971 ibi
624 926 680 989 per
703 926 778 972 snas
803 908 955 973 ecclesias
979 910 1155 990 baptizabit
1177 910 1270 975 moda

121 1034 195 1079 cum
224 1013 384 1079 Primianc
416 1017 525 1079 uester
553 1013 734 1097 episcopus,
766 1014 823 1079 sed
852 1019 885 1078 et
911 1015 1073 1079 neminem
1097 1019 1171 1099 post
1198 1036 1271 1080 eum

93 1120 301 1202 sbaptiaatis.
330 1138 393 1201 qua
420 1138 494 1203 ergo
522 1120 651 1184 licentia
682 1122 756 1201 post
787 1139 845 1185 nos
878 1120 980 1185 adhuc
1012 1121 1271 1205 rebaptizandum

120 1226 265 1309 putatis?
297 1227 378 1290 hauc
410 1227 489 1291 mihi
522 1227 613 1291 solue
642 1227 859 1308 quaestionem
889 1230 921 1291 et
952 1246 1003 1291 me
1034 1228 1209 1311 rebaptinn;
1243 1228 1270 1293 si

120 1336 231 1399 autem
258 1332 339 1397 hauc
367 1334 492 1399 saluere
519 1351 581 1397 uun
609 1336 712 1416 putes,
743 1352 836 1415 parce
865 1332 985 1398 alienae
1014 1334 1145 1411 animae,
1178 1354 1270 1418 parce

119 1448 205 1503 tuae.
231 1442 286 1503 aut
309 1440 337 1505 si
360 1459 411 1503 me
435 1440 473 1504 de
496 1439 656 1503 Feliciano
679 1439 798 1505 falsum
822 1439 938 1505 dixisse
962 1442 1080 1525 arguis,
1110 1442 1208 1525 exige,
1233 1446 1271 1507 ut

119 1548 267 1628 probem:
297 1550 391 1621 certe,
417 1547 444 1611 si
467 1566 529 1612 nou
553 1547 740 1629 probauenu,
762 1552 838 1611 tunc
862 1547 921 1625 fac,
946 1547 1031 1629 quod
1053 1551 1160 1631 putes.
1189 1547 1269 1613 addc

84 1678 103 1714 n
121 1655 231 1731 etiam,
246 1654 275 1718 si
292 1671 353 1718 nun
370 1656 556 1737 probauero,
571 1673 631 1718 nou
647 1654 708 1718 sim
728 1654 897 1736 episcopus
917 1654 1147 1719 communionis
1166 1674 1268 1731 meam

121 1761 149 1824 si
173 1765 281 1825 autem
308 1762 494 1843 probauerc,
518 1762 583 1825 noli
615 1780 685 1826 esse
709 1760 858 1825 inimicus
882 1760 996 1825 salutis
1019 1765 1103 1825 tuae.
1129 1764 1269 1843 uptote,

122 1866 249 1929 domine
271 1867 375 1945 frater,
399 1868 431 1931 in
454 1885 532 1949 pace
556 1885 627 1931 esse
650 1865 826 1932 nobiscum.

647 2042 743 2109 CVII.

229 2164 375 2220 DOMINO
394 2166 613 2222 BEATISSIMO
633 2166 677 2220 ΕΤ
695 2164 920 2220 venundans
938 2164 1168 2231 MULTUMQUE

83 2262 103 2299 15
121 2252 382 2308 DESIDERABILI
399 2254 509 2309 PATRI
521 2254 732 2311 AUGUSTINO
745 2255 911 2311 MAXIMUS
930 2254 976 2308 ΕΤ
995 2254 1214 2309 THEODORUS
1229 2252 1268 2306 ΙΝ

524 2343 671 2398 DOMINO
691 2342 868 2399 SALUTEM.

164 2450 212 2514 Ex
248 2455 415 2535 praecepto
454 2452 632 2518 sanct'tetis
668 2456 743 2517 tuae
781 2452 820 2515 ad
854 2452 1038 2535 episcopum
1070 2450 1269 2515 Macrobium

121 2557 327 2639 perreximus.
347 2558 386 2622 ad
401 2578 494 2640 quem
511 2578 585 2623 cum
598 2560 722 2623 litteras
736 2557 944 2623 beatitudinis
960 2561 1034 2622 tuae
1048 2556 1269 2639 perferremus,

121 2663 225 2745 primo
253 2664 385 2748 negauit
412 2684 456 2741 se,
485 2684 523 2729 ne
549 2665 650 2730 eidem
679 2666 870 2749 legerentur.
900 2663 1011 2728 deinde
1039 2662 1207 2745 aliquando
1233 2682 1269 2726 ex

82 2794 105 2833 n
121 2773 232 2836 nestra
257 2771 473 2855 'suggestione
509 2777 689 2837 commotus
728 2770 856 2836 easdem
894 2771 955 2835 sibi
992 2768 1098 2835 uoluit
1133 2768 1269 2848 recitari,

122 2878 240 2959 quibus
263 2877 389 2942 reiectis
415 2878 472 2942 ait:
502 2877 580 2943 ‘Nau
605 2898 736 2961 possum
760 2877 822 2943 nisi
847 2877 958 2941 adme
980 2876 1145 2941 uenientes
1170 2875 1269 2939 susci·

122 3002 196 3065 pere
221 2986 254 3047 et
276 2982 396 3048 eisdem
417 2984 523 3061 fidem,
552 3004 646 3067 quam
670 2984 914 3067 postulauerint,
943 2983 1038 3047 dare’.
1067 3000 1138 3046 cum
1163 2984 1269 3045 autem

123 3089 255 3154 anubis
280 3090 382 3155 eidem
406 3090 572 3170 diceretur,
597 3090 674 3174 quid
697 3090 736 3155 de
758 3090 844 3155 facto
863 3089 1014 3154 Primi-nni
1038 3088 1167 3166 diceret,
1191 3086 1270 3151 dixit

211 3261 319 3316 21-22
338 3287 372 3307 =
390 3280 416 3332 p.
436 3264 497 3320 sna.
519 3264 621 3318 10-11

160 3365 428 3435 lcarthaginensem
446 3368 533 3422 LVU
548 3368 610 3423 edd.
693 3369 774 3421 etiam
793 3369 852 3438 ipse
872 3367 905 3421 ab
925 3366 973 3420 illc
993 3365 1019 3419 L
1091 3365 1269 3434 2sacrilegic

123 3454 175 3508 PL
229 3455 397 3508 maximianis
416 3456 561 3510 chrismate
579 3457 606 3510 L
660 3457 746 3525 sibi]
767 3457 824 3509 illic
841 3456 868 3509 L
921 3454 1036 3508 ruodiL
1085 3453 1199 3507 taedet
1218 3452 1273 3506 VL'

158 3547 223 3612 pust
239 3543 415 3613 rebaptizatis
433 3544 460 3599 L
478 3550 541 3615 post
559 3562 621 3598 eum
639 3545 780 3616 baptizans
805 3544 859 3599 VU
876 3544 936 3597 edd.
980 3545 996 3597 6
1015 3542 1124 3613 baptiza
1142 3541 1197 3595 VU
1208 3542 1268 3595 edd.

125 3632 228 3685 ihanc
247 3635 337 3685 auteur
360 3632 416 3685 VU
430 3633 491 3687 edd.
564 3634 659 3703 aaut]
681 3632 754 3703 quad
772 3632 799 3686 L
872 3631 960 3687 dicere
984 3630 1010 3683 U
1080 3633 1225 3701 9prouem
1245 3630 1272 3682 P

158 3720 283 3773 tunc-ai
302 3737 356 3773 non
375 3722 525 3791 probauero
545 3738 595 3775 cm.
615 3721 642 3775 L
697 3722 727 3775 ll
749 3722 846 3775 salutis
864 3738 923 3775 mee
941 3724 1005 3774 tuae
1025 3719 1051 3773 U
1120 3726 1269 3790 opto-no-

124 3810 226 3863 b³scum
245 3825 297 3865 am.
317 3809 343 3863 L

337 3914 366 3968 P
388 3940 422 3961 =
442 3916 501 3972 cod.
520 3915 671 3969 Parisinus
688 3932 753 3969 nan.
773 3916 967 3982 acq.1672s.
987 3914 1042 3967 IX.

343 4003 367 4053 V
392 4028 425 4050 =
445 4005 503 4058 cod.
528 4005 683 4059 Vaticanus
704 4006 764 4057 495
781 4019 802 4057 a.
822 4002 888 4057 XV.

341 4094 367 4148 U
390 4118 424 4140 =
443 4094 502 4149 aad.
527 4094 680 4147 Vaticanus
700 4096 760 4146 499
777 4109 799 4147 a.
818 4092 885 4147 XV.

211 4199 403 4254 Lonans'ensee
424 4200 499 4254 banc
512 4201 668 4277 'epistulam
689 4200 721 4252 in
744 4198 892 4253 Vaticanis
911 4196 1114 4267 exemplantur
1133 4201 1269 4265 repertam

120 4290 207 4357 primi
224 4289 377 4343 ediderant.

162 4395 194 4449 18
212 4396 386 4465 perferrimus
406 4396 455 4461 (aie
467 4399 486 4454 Ι]
507 4395 535 4449 Ρ
588 4397 623 4448 22
642 4394 737 4449 iisdem
757 4395 817 4448 edd.
873 4395 907 4448 23
925 4393 1021 4463 priami
1045 4390 1162 4445 Vi'lsr

1182 4494 1233 4551 39*
