<?xml version="1.0" encoding="UTF-8"?>
<!DOCTYPE html PUBLIC "-//W3C//DTD XHTML 1.0 Transitional//EN"
    "http://www.w3.org/TR/xhtml1/DTD/xhtml1-transitional.dtd">
<html xmlns="http://www.w3.org/1999/xhtml" xml:lang="en" lang="en">
 <head>
  <title>
</title>
<meta http-equiv="Content-Type" content="text/html;charset=utf-8" />
  <meta name='ocr-system' content='tesseract 3.04.00' />
  <meta name='ocr-capabilities' content='ocr_page ocr_carea ocr_par ocr_line ocrx_word'/>
</head>
<body>
  <div class='ocr_page' id='page_1' title='image "./corpusscriptoru06wissgoog_0380.png"; bbox 0 0 3092 5217; ppageno 0'>
   <div class='ocr_carea' id='block_1_1' title="bbox 302 508 1095 575">
    <p class='ocr_par' dir='ltr' id='par_1_1' title="bbox 302 508 1095 575">
     <span class='ocr_line' id='line_1_1' title="bbox 302 508 1095 575; baseline -0.008 -10"><span class='ocrx_word' id='word_1_1' title='bbox 302 512 366 574; x_wconf 87' lang='grc'>366</span> <span class='ocrx_word' id='word_1_2' title='bbox 656 508 682 561; x_wconf 87' lang='lat' dir='ltr'>S.</span> <span class='ocrx_word' id='word_1_3' title='bbox 712 508 847 561; x_wconf 82' lang='lat' dir='ltr'>Aureli</span> <span class='ocrx_word' id='word_1_4' title='bbox 877 508 1095 575; x_wconf 77' lang='lat' dir='ltr'>Augustini</span> 
     </span>
    </p>
   </div>
   <div class='ocr_carea' id='block_1_2' title="bbox 254 701 1516 2498">
    <p class='ocr_par' dir='ltr' id='par_1_2' title="bbox 254 701 1516 2498">
     <span class='ocr_line' id='line_1_2' title="bbox 301 701 1439 787; baseline -0.001 -19"><span class='ocrx_word' id='word_1_5' title='bbox 301 704 469 768; x_wconf 89' lang='lat' dir='ltr'>uerissime</span> <span class='ocrx_word' id='word_1_6' title='bbox 494 703 621 779; x_wconf 77' lang='lat' dir='ltr'>diceret,</span> <span class='ocrx_word' id='word_1_7' title='bbox 646 702 731 785; x_wconf 90' lang='lat' dir='ltr'>qnod</span> <span class='ocrx_word' id='word_1_8' title='bbox 750 706 861 787; x_wconf 83' lang='lat' dir='ltr'>gentes</span> <span class='ocrx_word' id='word_1_9' title='bbox 880 701 1039 766; x_wconf 84' lang='lat' dir='ltr'>iudaizare</span> <span class='ocrx_word' id='word_1_10' title='bbox 1059 702 1201 786; x_wconf 84' lang='lat' dir='ltr'>cogebat.</span> <span class='ocrx_word' id='word_1_11' title='bbox 1225 702 1310 785; x_wconf 90' lang='lat' dir='ltr'>quod</span> <span class='ocrx_word' id='word_1_12' title='bbox 1331 702 1439 767; x_wconf 80' lang='lat' dir='ltr'>Paulus</span> 
     </span>
     <span class='ocr_line' id='line_1_3' title="bbox 302 808 1440 895; baseline -0.001 -20"><span class='ocrx_word' id='word_1_13' title='bbox 302 812 412 892; x_wconf 79' lang='lat' dir='ltr'>ubique</span> <span class='ocrx_word' id='word_1_14' title='bbox 444 830 505 874; x_wconf 94' lang='lat' dir='ltr'>non</span> <span class='ocrx_word' id='word_1_15' title='bbox 539 810 675 895; x_wconf 81' lang='lat' dir='ltr'>cogebat</span> <span class='ocrx_word' id='word_1_16' title='bbox 707 810 746 873; x_wconf 94' lang='lat' dir='ltr'>ob</span> <span class='ocrx_word' id='word_1_17' title='bbox 780 810 839 875; x_wconf 83' lang='lat' dir='ltr'>hoo</span> <span class='ocrx_word' id='word_1_18' title='bbox 873 808 928 872; x_wconf 91' lang='lat' dir='ltr'>illa</span> <span class='ocrx_word' id='word_1_19' title='bbox 957 813 1065 873; x_wconf 83' lang='lat' dir='ltr'>uetera</span> <span class='ocrx_word' id='word_1_20' title='bbox 1091 808 1255 885; x_wconf 80' lang='lat' dir='ltr'>ueraciter,</span> <span class='ocrx_word' id='word_1_21' title='bbox 1285 809 1340 872; x_wconf 91' lang='lat' dir='ltr'>ubi</span> <span class='ocrx_word' id='word_1_22' title='bbox 1368 828 1440 891; x_wconf 82' lang='lat' dir='ltr'>opus</span> 
     </span>
     <span class='ocr_line' id='line_1_4' title="bbox 303 916 1513 998; baseline -0.002 -16"><span class='ocrx_word' id='word_1_23' title='bbox 303 923 398 994; x_wconf 81' lang='lat' dir='ltr'>esset,</span> <span class='ocrx_word' id='word_1_24' title='bbox 432 918 616 994; x_wconf 81' lang='lat' dir='ltr'>obseruans,</span> <span class='ocrx_word' id='word_1_25' title='bbox 648 919 685 981; x_wconf 86' lang='lat' dir='ltr'>ut</span> <span class='ocrx_word' id='word_1_26' title='bbox 717 916 894 981; x_wconf 83' lang='lat' dir='ltr'>damnanda</span> <span class='ocrx_word' id='word_1_27' title='bbox 922 935 981 980; x_wconf 92' lang='lat' dir='ltr'>non</span> <span class='ocrx_word' id='word_1_28' title='bbox 1012 935 1082 981; x_wconf 90' lang='lat' dir='ltr'>esse</span> <span class='ocrx_word' id='word_1_29' title='bbox 1105 919 1306 984; x_wconf 78' lang='lat' dir='ltr'>monstraret.</span> <span class='ocrx_word' id='word_1_30' title='bbox 1330 918 1442 998; x_wconf 86' lang='lat' dir='ltr'>praedi·</span> <span class='ocrx_word' id='word_1_31' title='bbox 1512 972 1513 991; x_wconf 63' lang='grc'>,</span> 
     </span>
     <span class='ocr_line' id='line_1_5' title="bbox 303 1022 1442 1107; baseline -0.002 -18"><span class='ocrx_word' id='word_1_32' title='bbox 303 1044 377 1089; x_wconf 85' lang='lat' dir='ltr'>cans</span> <span class='ocrx_word' id='word_1_33' title='bbox 401 1029 506 1088; x_wconf 87' lang='lat' dir='ltr'>tamen</span> <span class='ocrx_word' id='word_1_34' title='bbox 531 1024 685 1088; x_wconf 81' lang='lat' dir='ltr'><strong>instanter</strong></span> <span class='ocrx_word' id='word_1_35' title='bbox 707 1042 767 1087; x_wconf 91' lang='lat' dir='ltr'>non</span> <span class='ocrx_word' id='word_1_36' title='bbox 794 1024 839 1088; x_wconf 91' lang='lat' dir='ltr'>eis</span> <span class='ocrx_word' id='word_1_37' title='bbox 865 1022 921 1087; x_wconf 91' lang='lat' dir='ltr'>sed</span> <span class='ocrx_word' id='word_1_38' title='bbox 944 1023 1083 1087; x_wconf 81' lang='lat' dir='ltr'>reuelata</span> <span class='ocrx_word' id='word_1_39' title='bbox 1111 1024 1213 1107; x_wconf 83' lang='lat' dir='ltr'>gratia</span> <span class='ocrx_word' id='word_1_40' title='bbox 1240 1022 1315 1086; x_wconf 87' lang='lat' dir='ltr'>fidei</span> <span class='ocrx_word' id='word_1_41' title='bbox 1343 1024 1442 1087; x_wconf 78' lang='lat' dir='ltr'>saluos</span> 
     </span>
     <span class='ocr_line' id='line_1_6' title="bbox 301 1130 1476 1213; baseline -0.002 -18"><span class='ocrx_word' id='word_1_42' title='bbox 301 1130 368 1195; x_wconf 89' lang='lat' dir='ltr'>fieri</span> <span class='ocrx_word' id='word_1_43' title='bbox 392 1130 512 1207; x_wconf 79' lang='lat' dir='ltr'>fideles,</span> <span class='ocrx_word' id='word_1_44' title='bbox 538 1150 575 1194; x_wconf 92' lang='lat' dir='ltr'>ne</span> <span class='ocrx_word' id='word_1_45' title='bbox 599 1132 638 1195; x_wconf 86' lang='lat' dir='ltr'>od</span> <span class='ocrx_word' id='word_1_46' title='bbox 662 1150 698 1195; x_wconf 85' lang='lat' dir='ltr'>ea</span> <span class='ocrx_word' id='word_1_47' title='bbox 722 1149 913 1213; x_wconf 79' lang='lat' dir='ltr'>quemquam</span> <span class='ocrx_word' id='word_1_48' title='bbox 937 1131 1029 1195; x_wconf 79' lang='lat' dir='ltr'>uelut</span> <span class='ocrx_word' id='word_1_49' title='bbox 1052 1130 1230 1195; x_wconf 84' lang='lat' dir='ltr'>necessaria</span> <span class='ocrx_word' id='word_1_50' title='bbox 1250 1130 1476 1213; x_wconf 73' lang='lat' dir='ltr'>suscipiendas</span> 
     </span>
     <span class='ocr_line' id='line_1_7' title="bbox 303 1236 1444 1319; baseline -0.002 -18"><span class='ocrx_word' id='word_1_51' title='bbox 303 1239 516 1319; x_wconf 80' lang='lat' dir='ltr'>compelleret.</span> <span class='ocrx_word' id='word_1_52' title='bbox 555 1238 601 1302; x_wconf 85' lang='lat' dir='ltr'>sio</span> <span class='ocrx_word' id='word_1_53' title='bbox 639 1241 746 1302; x_wconf 89' lang='lat' dir='ltr'>antem</span> <span class='ocrx_word' id='word_1_54' title='bbox 783 1236 873 1301; x_wconf 80' lang='lat' dir='ltr'>oredo</span> <span class='ocrx_word' id='word_1_55' title='bbox 911 1236 1091 1319; x_wconf 74' lang='lat' dir='ltr'>apostolum</span> <span class='ocrx_word' id='word_1_56' title='bbox 1125 1236 1261 1301; x_wconf 88' lang='lat' dir='ltr'>Paulum</span> <span class='ocrx_word' id='word_1_57' title='bbox 1298 1238 1444 1301; x_wconf 77' lang='lat' dir='ltr'>ueraciter</span> 
     </span>
     <span class='ocr_line' id='line_1_8' title="bbox 303 1344 1514 1428; baseline -0.001 -20"><span class='ocrx_word' id='word_1_58' title='bbox 303 1350 417 1410; x_wconf 83' lang='lat' dir='ltr'>ounota</span> <span class='ocrx_word' id='word_1_59' title='bbox 448 1344 504 1409; x_wconf 90' lang='lat' dir='ltr'>illa</span> <span class='ocrx_word' id='word_1_60' title='bbox 537 1344 676 1428; x_wconf 80' lang='lat' dir='ltr'>gessisse</span> <span class='ocrx_word' id='word_1_61' title='bbox 709 1362 765 1409; x_wconf 88' lang='lat' dir='ltr'>neo</span> <span class='ocrx_word' id='word_1_62' title='bbox 799 1347 903 1407; x_wconf 81' lang='lat' dir='ltr'>tamen</span> <span class='ocrx_word' id='word_1_63' title='bbox 938 1362 1019 1406; x_wconf 88' lang='lat' dir='ltr'>nuno</span> <span class='ocrx_word' id='word_1_64' title='bbox 1049 1362 1238 1425; x_wconf 88' lang='lat' dir='ltr'>quemquam</span> <span class='ocrx_word' id='word_1_65' title='bbox 1267 1344 1384 1408; x_wconf 83' lang='lat' dir='ltr'>facium</span> <span class='ocrx_word' id='word_1_66' title='bbox 1412 1364 1443 1407; x_wconf 91' lang='lat' dir='ltr'>er</span> <span class='ocrx_word' id='word_1_67' title='bbox 1513 1386 1514 1389; x_wconf 20' lang='grc' dir='ltr'><strong>κ</strong></span> 
     </span>
     <span class='ocr_line' id='line_1_9' title="bbox 302 1450 1442 1535; baseline -0.002 -17"><span class='ocrx_word' id='word_1_68' title='bbox 302 1454 419 1518; x_wconf 84' lang='lat' dir='ltr'>Iudaeo</span> <span class='ocrx_word' id='word_1_69' title='bbox 439 1450 653 1517; x_wconf 75' lang='lat' dir='ltr'>Christianum</span> <span class='ocrx_word' id='word_1_70' title='bbox 672 1450 724 1515; x_wconf 92' lang='lat' dir='ltr'>nel</span> <span class='ocrx_word' id='word_1_71' title='bbox 744 1470 823 1535; x_wconf 85' lang='lat' dir='ltr'>cogo</span> <span class='ocrx_word' id='word_1_72' title='bbox 842 1450 895 1515; x_wconf 87' lang='lat' dir='ltr'>uel</span> <span class='ocrx_word' id='word_1_73' title='bbox 915 1450 984 1515; x_wconf 83' lang='lat' dir='ltr'>sino</span> <span class='ocrx_word' id='word_1_74' title='bbox 1004 1451 1080 1513; x_wconf 85' lang='lat' dir='ltr'>talis</span> <span class='ocrx_word' id='word_1_75' title='bbox 1105 1452 1261 1515; x_wconf 83' lang='lat' dir='ltr'>ueraciter</span> <span class='ocrx_word' id='word_1_76' title='bbox 1285 1452 1442 1517; x_wconf 80' lang='lat' dir='ltr'>celebrare.</span> 
     </span>
     <span class='ocr_line' id='line_1_10' title="bbox 304 1556 1442 1642; baseline -0.003 -18"><span class='ocrx_word' id='word_1_77' title='bbox 304 1561 388 1625; x_wconf 80' lang='lat' dir='ltr'>sicui</span> <span class='ocrx_word' id='word_1_78' title='bbox 419 1578 475 1623; x_wconf 89' lang='lat' dir='ltr'>neo</span> <span class='ocrx_word' id='word_1_79' title='bbox 508 1562 555 1633; x_wconf 81' lang='lat' dir='ltr'>tu,</span> <span class='ocrx_word' id='word_1_80' title='bbox 585 1558 636 1623; x_wconf 88' lang='lat' dir='ltr'>oui</span> <span class='ocrx_word' id='word_1_81' title='bbox 664 1558 793 1622; x_wconf 77' lang='lat' dir='ltr'>uidetur</span> <span class='ocrx_word' id='word_1_82' title='bbox 816 1557 934 1621; x_wconf 87' lang='lat' dir='ltr'>Paulus</span> <span class='ocrx_word' id='word_1_83' title='bbox 965 1576 1001 1620; x_wconf 92' lang='lat' dir='ltr'>ea</span> <span class='ocrx_word' id='word_1_84' title='bbox 1029 1556 1209 1635; x_wconf 84' lang='lat' dir='ltr'>simulasse,</span> <span class='ocrx_word' id='word_1_85' title='bbox 1239 1558 1329 1642; x_wconf 85' lang='lat' dir='ltr'>ongis</span> <span class='ocrx_word' id='word_1_86' title='bbox 1353 1560 1442 1622; x_wconf 83' lang='lat' dir='ltr'>istum</span> 
     </span>
     <span class='ocr_line' id='line_1_11' title="bbox 303 1665 1477 1731; baseline -0.009 -1"><span class='ocrx_word' id='word_1_87' title='bbox 303 1668 356 1730; x_wconf 85' lang='lat' dir='ltr'>nel</span> <span class='ocrx_word' id='word_1_88' title='bbox 379 1666 458 1731; x_wconf 85' lang='lat' dir='ltr'>sinis</span> <span class='ocrx_word' id='word_1_89' title='bbox 482 1666 558 1730; x_wconf 86' lang='lat' dir='ltr'>talia</span> <span class='ocrx_word' id='word_1_90' title='bbox 582 1665 740 1729; x_wconf 80' lang='lat' dir='ltr'>simulare.</span> <span class='ocrx_word' id='word_1_91' title='bbox 1458 1686 1477 1719; x_wconf 76' lang='lat' dir='ltr'>o</span> 
     </span>
     <span class='ocr_line' id='line_1_12' title="bbox 254 1770 1515 1855; baseline -0.006 -14"><span class='ocrx_word' id='word_1_92' title='bbox 254 1780 293 1841; x_wconf 88' lang='grc'>16</span> <span class='ocrx_word' id='word_1_93' title='bbox 349 1775 396 1838; x_wconf 78' lang='lat' dir='ltr'>An</span> <span class='ocrx_word' id='word_1_94' title='bbox 419 1773 479 1851; x_wconf 87' lang='lat' dir='ltr'>uis,</span> <span class='ocrx_word' id='word_1_95' title='bbox 505 1778 542 1837; x_wconf 83' lang='lat' dir='ltr'>ni</span> <span class='ocrx_word' id='word_1_96' title='bbox 564 1774 660 1837; x_wconf 82' lang='lat' dir='ltr'>etiarn</span> <span class='ocrx_word' id='word_1_97' title='bbox 684 1791 743 1855; x_wconf 85' lang='lat' dir='ltr'>ogo</span> <span class='ocrx_word' id='word_1_98' title='bbox 767 1770 870 1837; x_wconf 83' lang='lat' dir='ltr'>dicam</span> <span class='ocrx_word' id='word_1_99' title='bbox 899 1772 979 1837; x_wconf 85' lang='lat' dir='ltr'>hano</span> <span class='ocrx_word' id='word_1_100' title='bbox 1008 1792 1078 1839; x_wconf 86' lang='lat' dir='ltr'>esse</span> <span class='ocrx_word' id='word_1_101' title='bbox 1107 1792 1263 1838; x_wconf 86' lang='lat' dir='ltr'>summanr</span> <span class='ocrx_word' id='word_1_102' title='bbox 1295 1773 1442 1853; x_wconf 78' lang='lat' dir='ltr'>quaestio·</span> <span class='ocrx_word' id='word_1_103' title='bbox 1514 1785 1515 1831; x_wconf 65' lang='lat' dir='ltr'>o</span> 
     </span>
     <span class='ocr_line' id='line_1_13' title="bbox 303 1878 1443 1963; baseline -0.002 -20"><span class='ocrx_word' id='word_1_104' title='bbox 303 1881 364 1955; x_wconf 80' lang='lat' dir='ltr'>nis,</span> <span class='ocrx_word' id='word_1_105' title='bbox 386 1880 484 1943; x_wconf 90' lang='lat' dir='ltr'>immo</span> <span class='ocrx_word' id='word_1_106' title='bbox 510 1880 684 1944; x_wconf 85' lang='lat' dir='ltr'>sententiae</span> <span class='ocrx_word' id='word_1_107' title='bbox 712 1882 796 1952; x_wconf 68' lang='lat' dir='ltr'>inae,</span> <span class='ocrx_word' id='word_1_108' title='bbox 827 1883 863 1942; x_wconf 82' lang='lat' dir='ltr'>ut</span> <span class='ocrx_word' id='word_1_109' title='bbox 891 1883 964 1961; x_wconf 81' lang='lat' dir='ltr'>posi</span> <span class='ocrx_word' id='word_1_110' title='bbox 992 1880 1192 1963; x_wconf 88' lang='lat' dir='ltr'>euangelium</span> <span class='ocrx_word' id='word_1_111' title='bbox 1222 1878 1340 1945; x_wconf 83' lang='lat' dir='ltr'>Christi</span> <span class='ocrx_word' id='word_1_112' title='bbox 1372 1880 1443 1942; x_wconf 85' lang='lat' dir='ltr'>bene</span> 
     </span>
     <span class='ocr_line' id='line_1_14' title="bbox 303 1984 1443 2068; baseline -0.002 -19"><span class='ocrx_word' id='word_1_113' title='bbox 303 1986 420 2052; x_wconf 80' lang='lat' dir='ltr'>faciant</span> <span class='ocrx_word' id='word_1_114' title='bbox 453 1986 615 2051; x_wconf 78' lang='lat' dir='ltr'>eredentes</span> <span class='ocrx_word' id='word_1_115' title='bbox 648 1985 768 2060; x_wconf 84' lang='lat' dir='ltr'>Iudaei,</span> <span class='ocrx_word' id='word_1_116' title='bbox 802 1986 829 2050; x_wconf 88' lang='lat' dir='ltr'>si</span> <span class='ocrx_word' id='word_1_117' title='bbox 864 1986 1018 2051; x_wconf 82' lang='lat' dir='ltr'>sacrificia</span> <span class='ocrx_word' id='word_1_118' title='bbox 1051 1987 1192 2052; x_wconf 82' lang='lat' dir='ltr'>offerant.</span> <span class='ocrx_word' id='word_1_119' title='bbox 1226 2004 1307 2068; x_wconf 87' lang='lat' dir='ltr'>quae</span> <span class='ocrx_word' id='word_1_120' title='bbox 1336 1984 1443 2049; x_wconf 78' lang='lat' dir='ltr'>obtulit</span> 
     </span>
     <span class='ocr_line' id='line_1_15' title="bbox 303 2092 1443 2170; baseline -0.003 -13"><span class='ocrx_word' id='word_1_121' title='bbox 303 2093 434 2170; x_wconf 78' lang='lat' dir='ltr'>Paulus,</span> <span class='ocrx_word' id='word_1_122' title='bbox 475 2094 502 2157; x_wconf 93' lang='lat' dir='ltr'>si</span> <span class='ocrx_word' id='word_1_123' title='bbox 539 2093 622 2157; x_wconf 85' lang='lat' dir='ltr'>filios</span> <span class='ocrx_word' id='word_1_124' title='bbox 662 2092 900 2167; x_wconf 72' lang='lat' dir='ltr'>circumcidunt,</span> <span class='ocrx_word' id='word_1_125' title='bbox 940 2095 966 2159; x_wconf 92' lang='lat' dir='ltr'>si</span> <span class='ocrx_word' id='word_1_126' title='bbox 1001 2093 1168 2159; x_wconf 79' lang='lat' dir='ltr'>sabbatum</span> <span class='ocrx_word' id='word_1_127' title='bbox 1203 2092 1382 2170; x_wconf 74' lang='lat' dir='ltr'>obserbent,</span> <span class='ocrx_word' id='word_1_128' title='bbox 1413 2094 1443 2154; x_wconf 84' lang='lat' dir='ltr'>nt</span> 
     </span>
     <span class='ocr_line' id='line_1_16' title="bbox 305 2191 1516 2277; baseline -0.002 -12"><span class='ocrx_word' id='word_1_129' title='bbox 305 2200 422 2265; x_wconf 79' lang='lat' dir='ltr'>Paulus</span> <span class='ocrx_word' id='word_1_130' title='bbox 446 2201 477 2265; x_wconf 91' lang='lat' dir='ltr'>in</span> <span class='ocrx_word' id='word_1_131' title='bbox 500 2200 667 2265; x_wconf 78' lang='lat' dir='ltr'>Timotheo</span> <span class='ocrx_word' id='word_1_132' title='bbox 692 2204 725 2263; x_wconf 80' lang='lat' dir='ltr'>et</span> <span class='ocrx_word' id='word_1_133' title='bbox 747 2220 857 2265; x_wconf 88' lang='lat' dir='ltr'>omues</span> <span class='ocrx_word' id='word_1_134' title='bbox 883 2201 1091 2266; x_wconf 85' lang='lat' dir='ltr'>obsernunere</span> <span class='ocrx_word' id='word_1_135' title='bbox 1115 2199 1234 2277; x_wconf 85' lang='lat' dir='ltr'>Iudaei,</span> <span class='ocrx_word' id='word_1_136' title='bbox 1260 2198 1335 2264; x_wconf 89' lang='lat' dir='ltr'>dnm</span> <span class='ocrx_word' id='word_1_137' title='bbox 1359 2198 1442 2263; x_wconf 89' lang='lat' dir='ltr'>modo</span> <span class='ocrx_word' id='word_1_138' title='bbox 1461 2218 1478 2255; x_wconf 66' lang='grc' dir='ltr'>ιε</span> <span class='ocrx_word' id='word_1_139' title='bbox 1515 2191 1516 2243; x_wconf 58' lang='lat' dir='ltr'>b</span> 
     </span>
     <span class='ocr_line' id='line_1_17' title="bbox 304 2306 1442 2393; baseline -0.004 -21"><span class='ocrx_word' id='word_1_140' title='bbox 304 2309 383 2373; x_wconf 87' lang='lat' dir='ltr'>haee</span> <span class='ocrx_word' id='word_1_141' title='bbox 406 2308 556 2373; x_wconf 78' lang='lat' dir='ltr'>simulato</span> <span class='ocrx_word' id='word_1_142' title='bbox 580 2327 616 2373; x_wconf 89' lang='lat' dir='ltr'>ao</span> <span class='ocrx_word' id='word_1_143' title='bbox 640 2308 796 2373; x_wconf 83' lang='lat' dir='ltr'>fallaciter</span> <span class='ocrx_word' id='word_1_144' title='bbox 819 2314 935 2393; x_wconf 81' lang='lat' dir='ltr'>agant?</span> <span class='ocrx_word' id='word_1_145' title='bbox 959 2309 1019 2373; x_wconf 89' lang='lat' dir='ltr'>hoo</span> <span class='ocrx_word' id='word_1_146' title='bbox 1044 2308 1070 2373; x_wconf 91' lang='lat' dir='ltr'>si</span> <span class='ocrx_word' id='word_1_147' title='bbox 1095 2308 1140 2371; x_wconf 84' lang='lat' dir='ltr'>ita</span> <span class='ocrx_word' id='word_1_148' title='bbox 1164 2311 1224 2383; x_wconf 78' lang='lat' dir='ltr'>est,</span> <span class='ocrx_word' id='word_1_149' title='bbox 1249 2326 1310 2371; x_wconf 90' lang='lat' dir='ltr'>non</span> <span class='ocrx_word' id='word_1_150' title='bbox 1335 2306 1394 2372; x_wconf 87' lang='lat' dir='ltr'>iam</span> <span class='ocrx_word' id='word_1_151' title='bbox 1416 2306 1442 2369; x_wconf 89' lang='lat' dir='ltr'>in</span> 
     </span>
     <span class='ocr_line' id='line_1_18' title="bbox 304 2414 1443 2498; baseline -0.005 -19"><span class='ocrx_word' id='word_1_152' title='bbox 304 2415 447 2479; x_wconf 87' lang='lat' dir='ltr'>haeresin</span> <span class='ocrx_word' id='word_1_153' title='bbox 475 2415 629 2479; x_wconf 83' lang='lat' dir='ltr'>Hebionis</span> <span class='ocrx_word' id='word_1_154' title='bbox 661 2416 713 2479; x_wconf 88' lang='lat' dir='ltr'>nel</span> <span class='ocrx_word' id='word_1_155' title='bbox 747 2434 867 2491; x_wconf 89' lang='lat' dir='ltr'>eornm,</span> <span class='ocrx_word' id='word_1_156' title='bbox 897 2433 976 2498; x_wconf 89' lang='lat' dir='ltr'>qnos</span> <span class='ocrx_word' id='word_1_157' title='bbox 1005 2415 1104 2498; x_wconf 89' lang='lat' dir='ltr'>uulgo</span> <span class='ocrx_word' id='word_1_158' title='bbox 1128 2414 1308 2478; x_wconf 83' lang='lat' dir='ltr'>Nazaraeos</span> <span class='ocrx_word' id='word_1_159' title='bbox 1335 2432 1443 2477; x_wconf 90' lang='lat' dir='ltr'>nunon-</span> 
     </span>
    </p>
   </div>
   <div class='ocr_carea' id='block_1_3' title="bbox 303 2520 1517 2631">
    <p class='ocr_par' dir='ltr' id='par_1_3' title="bbox 303 2520 1517 2631">
     <span class='ocr_line' id='line_1_19' title="bbox 303 2520 1517 2631; baseline -0.003 -46"><span class='ocrx_word' id='word_1_160' title='bbox 303 2525 389 2605; x_wconf 81' lang='lat' dir='ltr'>psnt,</span> <span class='ocrx_word' id='word_1_161' title='bbox 414 2522 466 2585; x_wconf 88' lang='lat' dir='ltr'>nel</span> <span class='ocrx_word' id='word_1_162' title='bbox 490 2522 648 2605; x_wconf 83' lang='lat' dir='ltr'>quamlibe</span> <span class='ocrx_word' id='word_1_163' title='bbox 688 2522 781 2586; x_wconf 85' lang='lat' dir='ltr'>aliam</span> <span class='ocrx_word' id='word_1_164' title='bbox 804 2526 944 2587; x_wconf 83' lang='lat' dir='ltr'>ueterem</span> <span class='ocrx_word' id='word_1_165' title='bbox 971 2520 1075 2585; x_wconf 89' lang='lat' dir='ltr'>sedin</span> <span class='ocrx_word' id='word_1_166' title='bbox 1095 2520 1201 2585; x_wconf 85' lang='lat' dir='ltr'>nescio</span> <span class='ocrx_word' id='word_1_167' title='bbox 1222 2538 1316 2603; x_wconf 86' lang='lat' dir='ltr'>quam</span> <span class='ocrx_word' id='word_1_168' title='bbox 1337 2538 1441 2585; x_wconf 83' lang='lat' dir='ltr'>nonum</span> <span class='ocrx_word' id='word_1_169' title='bbox 1516 2599 1517 2631; x_wconf 25' lang='grc'>1</span> 
     </span>
    </p>
   </div>
   <div class='ocr_carea' id='block_1_4' title="bbox 304 2526 1517 2926">
    <p class='ocr_par' dir='ltr' id='par_1_4' title="bbox 304 2526 1517 2926">
     <span class='ocr_line' id='line_1_20' title="bbox 651 2526 664 2585; baseline 0 0"><span class='ocrx_word' id='word_1_170' title='bbox 651 2526 664 2585; x_wconf 84' lang='lat' dir='ltr'>t</span> 
     </span>
     <span class='ocr_line' id='line_1_21' title="bbox 306 2626 1517 2713; baseline -0.003 -22"><span class='ocrx_word' id='word_1_171' title='bbox 306 2627 492 2705; x_wconf 81' lang='lat' dir='ltr'>delabimur,</span> <span class='ocrx_word' id='word_1_172' title='bbox 516 2647 596 2711; x_wconf 86' lang='lat' dir='ltr'>quae</span> <span class='ocrx_word' id='word_1_173' title='bbox 621 2629 664 2693; x_wconf 81' lang='lat' dir='ltr'>sib</span> <span class='ocrx_word' id='word_1_174' title='bbox 686 2647 722 2692; x_wconf 95' lang='lat' dir='ltr'>eo</span> <span class='ocrx_word' id='word_1_175' title='bbox 746 2629 961 2710; x_wconf 81' lang='lat' dir='ltr'>perniciosior,</span> <span class='ocrx_word' id='word_1_176' title='bbox 982 2646 1043 2711; x_wconf 89' lang='lat' dir='ltr'>quo</span> <span class='ocrx_word' id='word_1_177' title='bbox 1064 2647 1124 2692; x_wconf 90' lang='lat' dir='ltr'>non</span> <span class='ocrx_word' id='word_1_178' title='bbox 1144 2646 1246 2693; x_wconf 90' lang='lat' dir='ltr'>errore</span> <span class='ocrx_word' id='word_1_179' title='bbox 1266 2626 1322 2692; x_wconf 88' lang='lat' dir='ltr'>sed</span> <span class='ocrx_word' id='word_1_180' title='bbox 1341 2645 1441 2710; x_wconf 85' lang='lat' dir='ltr'>propo·</span> <span class='ocrx_word' id='word_1_181' title='bbox 1516 2652 1517 2713; x_wconf 59' lang='lat'>3</span> 
     </span>
     <span class='ocr_line' id='line_1_22' title="bbox 305 2732 1476 2818; baseline -0.006 -19"><span class='ocrx_word' id='word_1_182' title='bbox 305 2734 367 2799; x_wconf 83' lang='lat' dir='ltr'>sito</span> <span class='ocrx_word' id='word_1_183' title='bbox 390 2738 441 2799; x_wconf 81' lang='lat' dir='ltr'>osb</span> <span class='ocrx_word' id='word_1_184' title='bbox 463 2754 499 2799; x_wconf 86' lang='lat' dir='ltr'>ao</span> <span class='ocrx_word' id='word_1_185' title='bbox 522 2736 687 2801; x_wconf 82' lang='lat' dir='ltr'>uoluntate</span> <span class='ocrx_word' id='word_1_186' title='bbox 710 2734 826 2801; x_wconf 85' lang='lat' dir='ltr'>fallaci.</span> <span class='ocrx_word' id='word_1_187' title='bbox 850 2734 935 2818; x_wconf 89' lang='lat' dir='ltr'>quod</span> <span class='ocrx_word' id='word_1_188' title='bbox 959 2735 987 2800; x_wconf 87' lang='lat' dir='ltr'>si</span> <span class='ocrx_word' id='word_1_189' title='bbox 1009 2734 1192 2817; x_wconf 81' lang='lat' dir='ltr'>respondes,</span> <span class='ocrx_word' id='word_1_190' title='bbox 1217 2738 1254 2799; x_wconf 81' lang='lat' dir='ltr'>ut</span> <span class='ocrx_word' id='word_1_191' title='bbox 1276 2737 1308 2798; x_wconf 82' lang='lat' dir='ltr'>be</span> <span class='ocrx_word' id='word_1_192' title='bbox 1332 2732 1368 2797; x_wconf 82' lang='lat' dir='ltr'>ab</span> <span class='ocrx_word' id='word_1_193' title='bbox 1391 2734 1442 2795; x_wconf 83' lang='lat' dir='ltr'>bac</span> <span class='ocrx_word' id='word_1_194' title='bbox 1456 2754 1476 2790; x_wconf 78' lang='lat' dir='ltr'>s</span> 
     </span>
     <span class='ocr_line' id='line_1_23' title="bbox 304 2841 1440 2926; baseline -0.003 -20"><span class='ocrx_word' id='word_1_195' title='bbox 304 2860 420 2926; x_wconf 83' lang='lat' dir='ltr'>purges</span> <span class='ocrx_word' id='word_1_196' title='bbox 454 2842 620 2907; x_wconf 83' lang='lat' dir='ltr'>sententia.</span> <span class='ocrx_word' id='word_1_197' title='bbox 652 2850 728 2907; x_wconf 83' lang='lat' dir='ltr'>tuno</span> <span class='ocrx_word' id='word_1_198' title='bbox 760 2843 922 2926; x_wconf 82' lang='lat' dir='ltr'>apostolos</span> <span class='ocrx_word' id='word_1_199' title='bbox 950 2842 1014 2907; x_wconf 79' lang='lat' dir='ltr'>isba</span> <span class='ocrx_word' id='word_1_200' title='bbox 1040 2842 1244 2908; x_wconf 83' lang='lat' dir='ltr'>laudabiliter·</span> <span class='ocrx_word' id='word_1_201' title='bbox 1272 2841 1440 2905; x_wconf 86' lang='lat' dir='ltr'>simulasse.</span> 
     </span>
    </p>
   </div>
   <div class='ocr_carea' id='block_1_5' title="bbox 396 3156 769 3225">
    <p class='ocr_par' dir='ltr' id='par_1_5' title="bbox 396 3156 769 3225">
     <span class='ocr_line' id='line_1_24' title="bbox 396 3156 769 3225; baseline -0.003 -17"><span class='ocrx_word' id='word_1_202' title='bbox 396 3156 500 3208; x_wconf 78' lang='lat'>11-15</span> <span class='ocrx_word' id='word_1_203' title='bbox 520 3180 554 3201; x_wconf 80' lang='lat'><strong><em>=</em></strong></span> <span class='ocrx_word' id='word_1_204' title='bbox 573 3174 599 3225; x_wconf 81' lang='lat' dir='ltr'>p.</span> <span class='ocrx_word' id='word_1_205' title='bbox 619 3156 680 3216; x_wconf 78' lang='lat' dir='ltr'>sos.</span> <span class='ocrx_word' id='word_1_206' title='bbox 699 3156 769 3208; x_wconf 82' lang='lat' dir='ltr'>3-u</span> 
     </span>
    </p>
   </div>
   <div class='ocr_carea' id='block_1_6' title="bbox 305 3346 1442 4486">
    <p class='ocr_par' dir='ltr' id='par_1_6' title="bbox 305 3346 1442 4486">
     <span class='ocr_line' id='line_1_25' title="bbox 341 3346 1439 3415; baseline 0 -16"><span class='ocrx_word' id='word_1_207' title='bbox 341 3347 438 3415; x_wconf 70' lang='lat' dir='ltr'>ahoe]</span> <span class='ocrx_word' id='word_1_208' title='bbox 458 3348 532 3401; x_wconf 82' lang='lat' dir='ltr'>bol</span> <span class='ocrx_word' id='word_1_209' title='bbox 601 3348 804 3401; x_wconf 71' lang='lat' dir='ltr'>notaremini</span> <span class='ocrx_word' id='word_1_210' title='bbox 855 3348 950 3400; x_wconf 76' lang='lat' dir='ltr'>Besso</span> <span class='ocrx_word' id='word_1_211' title='bbox 969 3347 1005 3400; x_wconf 88' lang='grc' dir='ltr'><em>Μ</em></span> <span class='ocrx_word' id='word_1_212' title='bbox 1076 3346 1175 3401; x_wconf 85' lang='lat' dir='ltr'>damna</span> <span class='ocrx_word' id='word_1_213' title='bbox 1194 3348 1221 3400; x_wconf 96' lang='lat' dir='ltr'><strong><em>P</em></strong></span> <span class='ocrx_word' id='word_1_214' title='bbox 1273 3348 1439 3401; x_wconf 66' lang='lat' dir='ltr'>binshnier.</span> 
     </span>
     <span class='ocr_line' id='line_1_26' title="bbox 305 3436 1439 3508; baseline 0 -21"><span class='ocrx_word' id='word_1_215' title='bbox 305 3437 336 3488; x_wconf 79' lang='lat' dir='ltr'>io</span> <span class='ocrx_word' id='word_1_216' title='bbox 355 3451 439 3506; x_wconf 64' lang='lat' dir='ltr'>maro.</span> <span class='ocrx_word' id='word_1_217' title='bbox 459 3436 701 3505; x_wconf 83' lang='lat' dir='ltr'>perseberonterI</span> <span class='ocrx_word' id='word_1_218' title='bbox 788 3436 926 3490; x_wconf 82' lang='lat' dir='ltr'>reuelante</span> <span class='ocrx_word' id='word_1_219' title='bbox 945 3436 1035 3508; x_wconf 69' lang='lat' dir='ltr'>gratie</span> <span class='ocrx_word' id='word_1_220' title='bbox 1055 3436 1088 3489; x_wconf 89' lang='lat' dir='ltr'><em>H</em></span> <span class='ocrx_word' id='word_1_221' title='bbox 1171 3436 1265 3491; x_wconf 84' lang='lat' dir='ltr'>fideles</span> <span class='ocrx_word' id='word_1_222' title='bbox 1285 3436 1372 3490; x_wconf 80' lang='lat' dir='ltr'>saluos</span> <span class='ocrx_word' id='word_1_223' title='bbox 1390 3436 1439 3489; x_wconf 84' lang='lat' dir='ltr'>fieri</span> 
     </span>
     <span class='ocr_line' id='line_1_27' title="bbox 305 3524 1439 3596; baseline -0.003 -17"><span class='ocrx_word' id='word_1_224' title='bbox 305 3524 366 3579; x_wconf 73' lang='lat' dir='ltr'>erici.</span> <span class='ocrx_word' id='word_1_225' title='bbox 439 3524 582 3579; x_wconf 83' lang='lat' dir='ltr'>salbosH</span> <span class='ocrx_word' id='word_1_226' title='bbox 615 3525 832 3581; x_wconf 63' lang='lat' dir='ltr'>aristionis</span> <span class='ocrx_word' id='word_1_227' title='bbox 899 3542 1060 3596; x_wconf 81' lang='lat' dir='ltr'>quamquam</span> <span class='ocrx_word' id='word_1_228' title='bbox 1080 3526 1168 3579; x_wconf 81' lang='lat' dir='ltr'>PMA</span> <span class='ocrx_word' id='word_1_229' title='bbox 1186 3530 1317 3595; x_wconf 78' lang='lat' dir='ltr'>tanquam</span> <span class='ocrx_word' id='word_1_230' title='bbox 1335 3526 1370 3578; x_wconf 92' lang='lat' dir='ltr'>P¹</span> <span class='ocrx_word' id='word_1_231' title='bbox 1389 3528 1439 3586; x_wconf 73' lang='lat' dir='ltr'>risu</span> 
     </span>
     <span class='ocr_line' id='line_1_28' title="bbox 305 3613 1440 3685; baseline -0.002 -19"><span class='ocrx_word' id='word_1_232' title='bbox 305 3614 336 3666; x_wconf 78' lang='lat' dir='ltr'>in</span> <span class='ocrx_word' id='word_1_233' title='bbox 355 3630 409 3667; x_wconf 80' lang='lat' dir='ltr'>ros.</span> <span class='ocrx_word' id='word_1_234' title='bbox 429 3632 463 3668; x_wconf 90' lang='lat' dir='ltr'>m.</span> <span class='ocrx_word' id='word_1_235' title='bbox 474 3614 547 3679; x_wconf 62' lang='lat'>2113</span> <span class='ocrx_word' id='word_1_236' title='bbox 600 3615 678 3669; x_wconf 81' lang='lat' dir='ltr'>uelut</span> <span class='ocrx_word' id='word_1_237' title='bbox 697 3615 747 3668; x_wconf 79' lang='lat' dir='ltr'>dal.</span> <span class='ocrx_word' id='word_1_238' title='bbox 768 3632 795 3668; x_wconf 79' lang='grc' dir='ltr'>α,</span> <span class='ocrx_word' id='word_1_239' title='bbox 815 3614 899 3669; x_wconf 82' lang='lat' dir='ltr'>m.P¹</span> <span class='ocrx_word' id='word_1_240' title='bbox 921 3615 965 3668; x_wconf 88' lang='lat' dir='ltr'>uel</span> <span class='ocrx_word' id='word_1_241' title='bbox 984 3615 1017 3669; x_wconf 89' lang='lat' dir='ltr'><strong><em>H</em></strong></span> <span class='ocrx_word' id='word_1_242' title='bbox 1070 3616 1155 3685; x_wconf 69' lang='grc' dir='ltr'>θεὶς]</span> <span class='ocrx_word' id='word_1_243' title='bbox 1176 3614 1234 3668; x_wconf 82' lang='lat' dir='ltr'>sil</span> <span class='ocrx_word' id='word_1_244' title='bbox 1285 3613 1440 3668; x_wconf 71' lang='lat' dir='ltr'>ssimassse</span> 
     </span>
     <span class='ocr_line' id='line_1_29' title="bbox 307 3699 1442 3774; baseline -0.002 -19"><span class='ocrx_word' id='word_1_245' title='bbox 307 3704 327 3769; x_wconf 95' lang='lat' dir='ltr'>(i</span> <span class='ocrx_word' id='word_1_246' title='bbox 345 3720 430 3762; x_wconf 77' lang='lat' dir='ltr'>erae:</span> <span class='ocrx_word' id='word_1_247' title='bbox 447 3720 535 3773; x_wconf 82' lang='lat' dir='ltr'>snpra</span> <span class='ocrx_word' id='word_1_248' title='bbox 552 3720 609 3758; x_wconf 81' lang='lat' dir='ltr'>ros.</span> <span class='ocrx_word' id='word_1_249' title='bbox 629 3704 694 3757; x_wconf 80' lang='lat' dir='ltr'>odd.</span> <span class='ocrx_word' id='word_1_250' title='bbox 714 3706 780 3769; x_wconf 84' lang='grc' dir='ltr'>ιι)1</span> <span class='ocrx_word' id='word_1_251' title='bbox 851 3706 944 3774; x_wconf 77' lang='lat' dir='ltr'>isium]</span> <span class='ocrx_word' id='word_1_252' title='bbox 965 3720 1055 3758; x_wconf 85' lang='lat' dir='ltr'>secum</span> <span class='ocrx_word' id='word_1_253' title='bbox 1074 3704 1108 3757; x_wconf 90' lang='lat' dir='ltr'><em>H</em></span> <span class='ocrx_word' id='word_1_254' title='bbox 1158 3704 1191 3759; x_wconf 90' lang='lat'>10</span> <span class='ocrx_word' id='word_1_255' title='bbox 1204 3703 1283 3773; x_wconf 83' lang='lat' dir='ltr'>talis]</span> <span class='ocrx_word' id='word_1_256' title='bbox 1303 3702 1399 3757; x_wconf 87' lang='lat' dir='ltr'>similia</span> <span class='ocrx_word' id='word_1_257' title='bbox 1416 3699 1442 3753; x_wconf 86' lang='lat' dir='ltr'><strong><em>H</em></strong></span> 
     </span>
     <span class='ocr_line' id='line_1_30' title="bbox 307 3788 1442 3862; baseline -0.004 -17"><span class='ocrx_word' id='word_1_258' title='bbox 307 3792 337 3846; x_wconf 92' lang='lat' dir='ltr'>ll</span> <span class='ocrx_word' id='word_1_259' title='bbox 359 3810 392 3846; x_wconf 84' lang='lat' dir='ltr'>an</span> <span class='ocrx_word' id='word_1_260' title='bbox 413 3794 461 3857; x_wconf 85' lang='lat' dir='ltr'>nis,</span> <span class='ocrx_word' id='word_1_261' title='bbox 480 3809 567 3862; x_wconf 61' lang='lat' dir='ltr'>suono</span> <span class='ocrx_word' id='word_1_262' title='bbox 586 3810 621 3847; x_wconf 84' lang='lat' dir='ltr'>m.</span> <span class='ocrx_word' id='word_1_263' title='bbox 640 3799 672 3847; x_wconf 81' lang='lat' dir='ltr'>ut</span> <span class='ocrx_word' id='word_1_264' title='bbox 688 3794 747 3847; x_wconf 79' lang='lat' dir='ltr'>uid.</span> <span class='ocrx_word' id='word_1_265' title='bbox 766 3798 783 3846; x_wconf 90' lang='lat'><em>1</em></span> <span class='ocrx_word' id='word_1_266' title='bbox 800 3794 813 3847; x_wconf 74' lang='lat' dir='ltr'>i</span> <span class='ocrx_word' id='word_1_267' title='bbox 832 3795 927 3848; x_wconf 85' lang='lat' dir='ltr'>annuis</span> <span class='ocrx_word' id='word_1_268' title='bbox 946 3792 973 3847; x_wconf 86' lang='lat' dir='ltr'><em>R</em></span> <span class='ocrx_word' id='word_1_269' title='bbox 997 3794 1100 3852; x_wconf 84' lang='lat' dir='ltr'>sonnis.</span> <span class='ocrx_word' id='word_1_270' title='bbox 1126 3794 1157 3846; x_wconf 81' lang='lat' dir='ltr'>in</span> <span class='ocrx_word' id='word_1_271' title='bbox 1174 3809 1260 3861; x_wconf 70' lang='lat' dir='ltr'>muro.</span> <span class='ocrx_word' id='word_1_272' title='bbox 1281 3792 1409 3846; x_wconf 84' lang='lat' dir='ltr'>consentis</span> <span class='ocrx_word' id='word_1_273' title='bbox 1429 3788 1442 3840; x_wconf 83' lang='lat' dir='ltr'>i</span> 
     </span>
     <span class='ocr_line' id='line_1_31' title="bbox 308 3878 1438 3951; baseline -0.004 -16"><span class='ocrx_word' id='word_1_274' title='bbox 308 3881 529 3936; x_wconf 69' lang='lat' dir='ltr'>morbidant!</span> <span class='ocrx_word' id='word_1_275' title='bbox 594 3882 739 3936; x_wconf 81' lang='lat' dir='ltr'>obserbent</span> <span class='ocrx_word' id='word_1_276' title='bbox 759 3884 775 3934; x_wconf 85' lang='lat'><em>1</em></span> <span class='ocrx_word' id='word_1_277' title='bbox 794 3884 940 3937; x_wconf 85' lang='lat' dir='ltr'>obseruant</span> <span class='ocrx_word' id='word_1_278' title='bbox 958 3886 998 3945; x_wconf 86' lang='grc' dir='ltr'>Α;</span> <span class='ocrx_word' id='word_1_279' title='bbox 1013 3900 1044 3951; x_wconf 77' lang='lat' dir='ltr'>p.</span> <span class='ocrx_word' id='word_1_280' title='bbox 1067 3886 1135 3935; x_wconf 86' lang='lat'><strong><em>303.</em></strong></span> <span class='ocrx_word' id='word_1_281' title='bbox 1158 3886 1176 3935; x_wconf 86' lang='lat'><strong><em>6</em></strong></span> <span class='ocrx_word' id='word_1_282' title='bbox 1194 3886 1305 3934; x_wconf 82' lang='lat' dir='ltr'>seruent</span> <span class='ocrx_word' id='word_1_283' title='bbox 1355 3882 1385 3934; x_wconf 86' lang='lat'>15</span> <span class='ocrx_word' id='word_1_284' title='bbox 1398 3878 1438 3931; x_wconf 92' lang='lat' dir='ltr'>ob·</span> 
     </span>
     <span class='ocr_line' id='line_1_32' title="bbox 306 3966 1440 4035; baseline -0.004 -12"><span class='ocrx_word' id='word_1_285' title='bbox 306 3988 412 4025; x_wconf 86' lang='lat' dir='ltr'>seruare</span> <span class='ocrx_word' id='word_1_286' title='bbox 431 3970 568 4025; x_wconf 82' lang='lat' dir='ltr'><strong><em>HPMIA</em></strong></span> <span class='ocrx_word' id='word_1_287' title='bbox 661 3972 694 4025; x_wconf 84' lang='lat'>16</span> <span class='ocrx_word' id='word_1_288' title='bbox 713 3972 847 4031; x_wconf 80' lang='lat' dir='ltr'>simulare.</span> <span class='ocrx_word' id='word_1_289' title='bbox 867 3975 931 4025; x_wconf 86' lang='lat' dir='ltr'>m.2</span> <span class='ocrx_word' id='word_1_290' title='bbox 950 3972 1078 4025; x_wconf 83' lang='lat' dir='ltr'>simulate</span> <span class='ocrx_word' id='word_1_291' title='bbox 1097 3969 1134 4023; x_wconf 90' lang='lat' dir='ltr'>P¹</span> <span class='ocrx_word' id='word_1_292' title='bbox 1212 3986 1258 4023; x_wconf 65' lang='lat' dir='ltr'>*ac</span> <span class='ocrx_word' id='word_1_293' title='bbox 1278 3970 1306 4035; x_wconf 80' lang='lat' dir='ltr'>(h</span> <span class='ocrx_word' id='word_1_294' title='bbox 1325 3966 1440 4023; x_wconf 65' lang='lat' dir='ltr'>orosii?</span> 
     </span>
     <span class='ocr_line' id='line_1_33' title="bbox 305 4054 1440 4131; baseline -0.005 -18"><span class='ocrx_word' id='word_1_295' title='bbox 305 4060 355 4131; x_wconf 69' lang='lat' dir='ltr'>heo</span> <span class='ocrx_word' id='word_1_296' title='bbox 373 4060 406 4113; x_wconf 88' lang='lat' dir='ltr'><strong><em>H</em></strong></span> <span class='ocrx_word' id='word_1_297' title='bbox 476 4061 499 4113; x_wconf 86' lang='lat' dir='ltr'>si</span> <span class='ocrx_word' id='word_1_298' title='bbox 517 4076 569 4115; x_wconf 85' lang='lat' dir='ltr'>om.</span> <span class='ocrx_word' id='word_1_299' title='bbox 589 4060 622 4114; x_wconf 87' lang='lat' dir='ltr'><strong><em>H</em></strong></span> <span class='ocrx_word' id='word_1_300' title='bbox 676 4062 708 4115; x_wconf 81' lang='lat'>17</span> <span class='ocrx_word' id='word_1_301' title='bbox 727 4061 842 4115; x_wconf 87' lang='lat' dir='ltr'>heresim</span> <span class='ocrx_word' id='word_1_302' title='bbox 863 4059 978 4115; x_wconf 84' lang='lat' dir='ltr'><strong><em>HIP¹R</em></strong></span> <span class='ocrx_word' id='word_1_303' title='bbox 998 4060 1057 4115; x_wconf 80' lang='lat' dir='ltr'>edd.</span> <span class='ocrx_word' id='word_1_304' title='bbox 1072 4067 1209 4128; x_wconf 82' lang='lat' dir='ltr'>praeterr</span> <span class='ocrx_word' id='word_1_305' title='bbox 1282 4054 1440 4112; x_wconf 83' lang='lat' dir='ltr'>bebeonisR</span> 
     </span>
     <span class='ocr_line' id='line_1_34' title="bbox 306 4144 1442 4220; baseline -0.006 -17"><span class='ocrx_word' id='word_1_306' title='bbox 306 4148 410 4203; x_wconf 86' lang='lat' dir='ltr'>ebionis</span> <span class='ocrx_word' id='word_1_307' title='bbox 429 4148 534 4202; x_wconf 86' lang='lat' dir='ltr'>HP¹m</span> <span class='ocrx_word' id='word_1_308' title='bbox 624 4154 791 4220; x_wconf 73' lang='lat' dir='ltr'>nuncupent,</span> <span class='ocrx_word' id='word_1_309' title='bbox 809 4150 840 4203; x_wconf 76' lang='lat' dir='ltr'>in</span> <span class='ocrx_word' id='word_1_310' title='bbox 858 4166 943 4218; x_wconf 71' lang='lat' dir='ltr'>moro.</span> <span class='ocrx_word' id='word_1_311' title='bbox 965 4149 1141 4201; x_wconf 76' lang='lat' dir='ltr'>nominant]</span> <span class='ocrx_word' id='word_1_312' title='bbox 1235 4146 1267 4200; x_wconf 82' lang='lat'>18</span> <span class='ocrx_word' id='word_1_313' title='bbox 1288 4144 1403 4217; x_wconf 82' lang='lat' dir='ltr'>qnalibet</span> <span class='ocrx_word' id='word_1_314' title='bbox 1420 4144 1442 4195; x_wconf 84' lang='grc' dir='ltr'><em>Ρ</em></span> 
     </span>
     <span class='ocr_line' id='line_1_35' title="bbox 341 4232 1441 4305; baseline -0.005 -14"><span class='ocrx_word' id='word_1_315' title='bbox 341 4238 432 4291; x_wconf 88' lang='lat' dir='ltr'>neseio</span> <span class='ocrx_word' id='word_1_316' title='bbox 451 4239 478 4291; x_wconf 90' lang='lat' dir='ltr'>in</span> <span class='ocrx_word' id='word_1_317' title='bbox 498 4239 558 4292; x_wconf 69' lang='lat' dir='ltr'>edei.</span> <span class='ocrx_word' id='word_1_318' title='bbox 631 4238 777 4291; x_wconf 87' lang='lat' dir='ltr'>nobamH</span> <span class='ocrx_word' id='word_1_319' title='bbox 828 4240 860 4293; x_wconf 88' lang='lat'>19</span> <span class='ocrx_word' id='word_1_320' title='bbox 880 4238 1033 4291; x_wconf 76' lang='lat' dir='ltr'>dilabamur</span> <span class='ocrx_word' id='word_1_321' title='bbox 1046 4236 1097 4291; x_wconf 88' lang='lat' dir='ltr'>HI</span> <span class='ocrx_word' id='word_1_322' title='bbox 1166 4237 1209 4305; x_wconf 89' lang='lat' dir='ltr'>eo]</span> <span class='ocrx_word' id='word_1_323' title='bbox 1231 4235 1307 4289; x_wconf 79' lang='lat' dir='ltr'>ebH</span> <span class='ocrx_word' id='word_1_324' title='bbox 1374 4232 1441 4304; x_wconf 76' lang='lat' dir='ltr'>qni!</span> 
     </span>
     <span class='ocr_line' id='line_1_36' title="bbox 341 4320 1441 4397; baseline -0.007 -16"><span class='ocrx_word' id='word_1_325' title='bbox 341 4328 479 4397; x_wconf 83' lang='lat' dir='ltr'>preposito</span> <span class='ocrx_word' id='word_1_326' title='bbox 500 4327 551 4379; x_wconf 88' lang='lat' dir='ltr'>HI</span> <span class='ocrx_word' id='word_1_327' title='bbox 619 4330 656 4382; x_wconf 72' lang='lat'>20</span> <span class='ocrx_word' id='word_1_328' title='bbox 673 4328 724 4381; x_wconf 82' lang='lat' dir='ltr'>hae</span> <span class='ocrx_word' id='word_1_329' title='bbox 743 4345 776 4381; x_wconf 79' lang='lat' dir='ltr'>ex</span> <span class='ocrx_word' id='word_1_330' title='bbox 794 4328 861 4381; x_wconf 85' lang='lat' dir='ltr'>haee</span> <span class='ocrx_word' id='word_1_331' title='bbox 881 4327 913 4380; x_wconf 90' lang='lat' dir='ltr'><strong><em>H</em></strong></span> <span class='ocrx_word' id='word_1_332' title='bbox 984 4328 1007 4379; x_wconf 84' lang='lat' dir='ltr'>si</span> <span class='ocrx_word' id='word_1_333' title='bbox 1026 4342 1077 4379; x_wconf 87' lang='lat' dir='ltr'>om.</span> <span class='ocrx_word' id='word_1_334' title='bbox 1097 4326 1124 4379; x_wconf 78' lang='lat' dir='ltr'><strong><em>A</em></strong></span> <span class='ocrx_word' id='word_1_335' title='bbox 1143 4326 1179 4378; x_wconf 60' lang='lat' dir='ltr'>sis</span> <span class='ocrx_word' id='word_1_336' title='bbox 1194 4329 1218 4390; x_wconf 94' lang='lat' dir='ltr'>(s</span> <span class='ocrx_word' id='word_1_337' title='bbox 1238 4340 1309 4379; x_wconf 79' lang='lat' dir='ltr'>eras.</span> <span class='ocrx_word' id='word_1_338' title='bbox 1327 4324 1392 4377; x_wconf 74' lang='lat' dir='ltr'>uid.)</span> <span class='ocrx_word' id='word_1_339' title='bbox 1411 4320 1441 4375; x_wconf 84' lang='grc' dir='ltr'><em>Μ</em></span> 
     </span>
     <span class='ocr_line' id='line_1_37' title="bbox 341 4415 877 4486; baseline 0.002 -17"><span class='ocrx_word' id='word_1_340' title='bbox 341 4415 504 4486; x_wconf 82' lang='lat' dir='ltr'>respondeas</span> <span class='ocrx_word' id='word_1_341' title='bbox 523 4417 584 4470; x_wconf 79' lang='lat' dir='ltr'>edd.</span> <span class='ocrx_word' id='word_1_342' title='bbox 639 4419 670 4471; x_wconf 86' lang='lat'>21</span> <span class='ocrx_word' id='word_1_343' title='bbox 692 4417 831 4486; x_wconf 82' lang='lat' dir='ltr'>spostolus</span> <span class='ocrx_word' id='word_1_344' title='bbox 850 4418 877 4470; x_wconf 89' lang='lat' dir='ltr'><em>P</em></span> 
     </span>
    </p>
   </div>
   <div class='ocr_carea' id='block_1_7' title="bbox 0 0 1559 5217">
    <p class='ocr_par' dir='ltr' id='par_1_7' title="bbox 0 0 1559 5217">
     <span class='ocr_line' id='line_1_38' title="bbox 0 0 1559 5217; baseline 0 0"><span class='ocrx_word' id='word_1_345' title='bbox 0 0 1559 5217; x_wconf 95' lang='lat' dir='ltr'> </span> 
     </span>
    </p>
   </div>
  </div>
 </body>
</html>
